3240 5006
807 406 1024 466 ..52-

354 575 459 651 quinto
483 576 767 652 opportunissimam
787 597 929 637 versuum
955 584 1033 655 bsq.
1059 581 1204 640 contineri
1227 580 1475 656 explicationem

353 664 406 723 illo
442 665 519 724 enim
553 666 633 742 quod
656 666 738 725 vitae
772 667 877 727 inertis
911 687 1004 745 genus
1028 687 1118 728 versu
1148 669 1254 744 quinto
1282 669 1476 742 intellexerit,

353 751 556 829 demonstrat,
589 756 644 814 hoc
676 756 855 816 sententiam
885 776 990 816 versus
1020 758 1097 817 sexti
1127 758 1220 833 (Dum
1243 777 1326 818 meus
1351 759 1476 819 adsiduo
1595 809 1596 838 ,

353 843 453 902 luceat
484 843 554 922 igne
581 844 678 920 focus)
710 846 796 904 tenui
830 845 882 904 filo
916 847 1045 906 deducit.
1091 847 1169 905 Tum
1192 848 1368 925 religionem
1392 867 1477 906 suam
1595 839 1596 906 l

351 935 459 1006 utpote
491 953 551 1008 qua
581 952 647 1009 spes
678 953 733 993 sua
764 935 891 1008 nitatur,
915 936 1120 1012 pietatemque
1143 955 1214 1014 ergo
1237 937 1307 996 deos
1331 937 1476 1014 agricolas

352 1021 505 1093 describit,
530 1041 660 1097 quorum
684 1023 790 1082 seriem
812 1023 885 1099 ipsis
901 1025 1048 1099 praedioli
1063 1025 1204 1100 pauperis
1220 1025 1366 1100 patronis
1391 1025 1474 1085 Lari·

351 1111 410 1170 bus
425 1111 599 1170 memoratis
615 1112 775 1174 concludit.
816 1111 896 1171 Olim
912 1114 1020 1185 vitula,
1043 1114 1153 1190 inquit,
1179 1133 1263 1174 caesa
1277 1115 1474 1174 lustravimus

351 1219 470 1276 gregem
496 1201 755 1272 innumerabilem,
780 1221 859 1262 nunc
884 1223 963 1280 agna
986 1204 1083 1262 solum
1107 1204 1192 1263 vobis
1215 1204 1401 1275 immolatur,
1426 1205 1473 1263 sed

350 1289 426 1348 hane
449 1309 566 1348 summa
589 1291 747 1350 voluntate
770 1292 951 1350 dedicamus.
999 1291 1132 1352 Observa
1155 1293 1204 1366 sis,
1235 1293 1385 1367 quomodo
1415 1313 1471 1352 uno

351 1380 470 1437 tantum
504 1379 596 1439 verbo
636 1381 850 1439 sententiarum
887 1381 934 1441 hic
969 1381 1023 1440 fiat
1055 1382 1244 1440 coniunctio:
1281 1403 1298 1440 a
1335 1383 1471 1458 pauperis

350 1467 525 1542 patrimonii
557 1469 707 1527 mentione
737 1469 865 1528 fortuita
897 1471 934 1529 ad
962 1470 1037 1530 hanc
1061 1490 1154 1548 agnae
1177 1471 1314 1546 pervenit
1339 1471 1469 1532 immola·

349 1556 472 1615 tionem.
519 1557 633 1616 Deinde
664 1558 776 1633 optime
808 1578 887 1634 quae
920 1562 965 1618 est
998 1578 1046 1618 ars
1077 1560 1141 1618 eius
1168 1579 1226 1619 non
1249 1559 1338 1618 fluvii
1367 1560 1467 1619 similis

350 1646 492 1704 continuo
516 1638 624 1706 itinere
647 1647 783 1706 celeriter
806 1648 1002 1721 decurrentia,
1030 1649 1081 1708 sed
1104 1649 1188 1708 lacus
1212 1648 1370 1725 tranquilli
1385 1649 1467 1708 cuius

349 1735 432 1810 ripae
455 1735 567 1794 iterum
590 1736 763 1811 iterumque
786 1737 879 1796 isdem
903 1737 1062 1796 alluuntur
1085 1738 1183 1808 undis,
1216 1738 1329 1813 optime
1352 1739 1466 1813 inquam

349 1826 510 1899 postquam
540 1825 717 1902 religionem
749 1824 954 1903 pietatemque
985 1845 1072 1885 suam
1101 1827 1269 1899 enarravit,
1302 1828 1367 1886 voti
1388 1827 1465 1886 illius

349 1914 430 1988 quod
463 1931 553 1972 versu
586 1917 670 1973 sexto
702 1914 788 1988 fecit,
825 1916 904 1974 unde
935 1917 1001 1975 tota
1032 1916 1154 1975 deorum
1184 1915 1286 1976 cultus
1313 1907 1475 1990 descriptio'

350 2001 484 2077 profecta
508 2004 567 2073 est,
599 2003 748 2063 reminisci
772 2004 893 2062 videtur
917 2007 1005 2079 (vers.
1033 2009 1072 2068 25
1097 2007 1174 2080 sq.):
1207 2004 1272 2063 Iam
1303 2006 1386 2064 modo
1406 2005 1458 2062 iam

349 2091 459 2166 possim
499 2095 658 2150 contentus
696 2093 798 2152 vivere
832 2111 925 2167 parvo
968 2092 1030 2152 Nec
1067 2112 1183 2168 semper
1215 2093 1320 2171 longae
1352 2093 1456 2152 deditus

349 2199 412 2239 esse
437 2180 512 2239 viae.
554 2180 657 2257 Atque
681 2181 734 2255 qui
757 2201 837 2240 nunc
860 2184 1040 2257 sequuntur,
1066 2183 1202 2242 versibus
1225 2183 1358 2242 chordam
1378 2182 1452 2237 illam

349 2289 441 2344 quam
465 2287 555 2328 versu
580 2276 597 2331 5
622 2287 665 2345 sq.
691 2270 798 2329 leviter
829 2269 948 2348 attigit,
984 2272 1045 2329 iam
1073 2265 1241 2346 paullulum
1269 2269 1371 2327 fortius
1397 2267 1447 2323 im-

349 2359 436 2433 pellit
460 2361 489 2416 et
512 2358 597 2432 nobis
621 2359 705 2434 quali
721 2359 802 2418 vitae
825 2360 956 2420 rusticae
980 2360 1131 2420 suavitate
1155 2359 1299 2418 alliciatur
1322 2354 1447 2415 ostendit.

348 2447 405 2506 Sed
437 2447 545 2506 statim*
571 2466 607 2506 ne
636 2466 723 2508 ouras
756 2449 877 2525 quidem
908 2449 1055 2526 agricolae
1086 2449 1263 2524 laboresque
1289 2466 1340 2523 per
1370 2444 1452 2502 inter-

346 2536 452 2596 missas
475 2536 650 2596 rusticantis
666 2537 838 2612 voluptates
862 2556 925 2597 sese
948 2537 1081 2598 refutare
1104 2538 1279 2613 profitetur3
1304 2555 1370 2594 nam
1390 2547 1457 2606 opus

348 2629 393 2683 est
415 2627 513 2684 rastro
538 2629 568 2684 et
599 2629 698 2689 aratro
732 2626 827 2685 colere
856 2627 1001 2704 agellum,
1037 2646 1113 2702 opus
1145 2628 1190 2686 est
1213 2645 1342 2701 parvum
1372 2619 1461 2681 tutari

347 2733 447 2789 pecus.
495 2713 597 2789 Atque
628 2715 776 2774 desertam
808 2734 917 2792 agnam
949 2716 980 2773 in
1012 2716 1080 2774 sinu
1102 2715 1212 2775 referet
1235 2717 1343 2789 poeta,
1373 2728 1461 2785 neque

237 2797 240 2806 ’
346 2803 412 2877 lupi
434 2802 577 2878 furesque
601 2803 767 2878 quidquam
791 2803 951 2878 arripient,
982 2824 1051 2863 eum
1078 2804 1141 2879 ipse
1164 2807 1316 2880 pastorem
1341 2803 1462 2879 quotan-

347 2891 393 2949 nis
416 2892 547 2950 lustraro
570 2891 732 2967 Palemque
756 2893 833 2951 lacte
858 2911 1014 2970 aspergere
1037 2893 1141 2952 soleat.

438 2979 546 3056 Itaque
569 2984 728 3056 postquam
755 2982 928 3057 explicavit,
960 3001 1015 3041 cur
1046 3001 1099 3056 per
1127 2985 1225 3040 totam
1247 2979 1342 3040 vitam
1373 2977 1466 3037 nullas

346 3069 418 3128 belli
447 3069 564 3142 labores
595 3089 770 3145 perpessum
797 3089 891 3146 parvo
922 3066 993 3129 suo
1018 3070 1196 3145 patrimonio
1234 3087 1265 3129 se
1295 3069 1467 3128 contentum

347 3175 410 3216 esse
441 3177 527 3233 posse
558 3161 691 3234 speraret
716 3193 756 3202 —
782 3178 849 3218 cum
884 3162 914 3218 et
947 3178 1035 3237 agros
1068 3160 1177 3219 coleret
1212 3161 1241 3218 et
1277 3159 1468 3216 veneraretur

346 3246 415 3306 deos
445 3281 478 3290 -
506 3247 582 3305 nihil
611 3248 637 3306 ei
669 3247 822 3324 reliquum
851 3252 896 3308 est
926 3248 984 3306 nisi
1014 3251 1051 3306 ut
1080 3249 1149 3307 deos
1177 3248 1299 3307 invocet
1326 3265 1365 3306 ne
1395 3246 1469 3304 dona

346 3353 401 3394 sua
423 3335 564 3413 religiose
587 3337 742 3412 proposita
766 3340 973 3412 aspernentur.
1020 3336 1098 3394 Tum
1127 3337 1239 3395 iterum
1263 3335 1337 3393 satis
1361 3352 1469 3410 magna

345 3424 402 3482 sibi
426 3427 527 3502 segete
550 3427 667 3484 ostensa
690 3425 727 3483 ad
751 3425 939 3485 dulcedinem
971 3429 1001 3484 et
1035 3425 1246 3484 amoenitatem
1270 3423 1353 3483 vitae
1379 3441 1469 3498 quam

346 3533 363 3571 a
386 3513 466 3572 curis
489 3513 548 3572 illis
571 3513 760 3591 negotiisque
784 3513 905 3573 rusticis
929 3517 959 3573 et
983 3534 1000 3573 a
1023 3514 1147 3573 deorum
1168 3513 1267 3590 gratia
1284 3511 1341 3571 sibi
1358 3512 1499 3587 sperat-

345 3602 455 3661 transit
470 3602 701 3662 describendam.
741 3603 830 3662 Nunc
853 3602 982 3678 denique
1006 3602 1103 3661 otium
1125 3602 1274 3660 rusticum
1297 3619 1357 3659 non
1383 3599 1470 3659 modo

345 3691 516 3763 adumbrat,
541 3693 592 3751 sed
616 3692 697 3750 omni
720 3691 944 3768 pigmentorum
967 3692 1040 3750 flore
1063 3694 1093 3750 et
1117 3691 1213 3750 colore
1237 3692 1362 3749 exornat
1379 3691 1469 3764 (vers.

343 3785 381 3843 41
409 3783 489 3857 sqq.)

434 3869 519 3927 Nihil
542 3870 640 3947 igitur
664 3868 744 3946 quod
767 3869 798 3927 in
822 3869 952 3928 carmine
975 3869 1030 3927 hoc
1058 3868 1257 3936 offendamus,
1288 3866 1401 3927 habere
1424 3865 1471 3924 vi-

343 3958 467 4031 demur,
500 3958 559 4016 nisi
592 3959 671 4034 quod
702 3958 824 4017 initium
855 3976 960 4017 versus
985 3962 1046 4021 35:
1079 3956 1137 4015 Hic
1170 3972 1224 4032 ego
1256 3958 1472 4030 pastoremque

344 4067 444 4106 meum
469 4067 494 4106 e.
520 4068 548 4124 q.
574 4066 616 4123 sq.
640 4048 727 4122 plane
752 4050 797 4106 est
821 4047 1038 4122 importunum,
1064 4065 1133 4104 cum
1157 4064 1216 4119 quo
1240 4044 1304 4104 loeo
1328 4043 1472 4103 Tibullus

344 4139 479 4212 pastores
513 4156 695 4214 gregemque
726 4137 873 4195 lustratos
908 4134 1075 4212 significare
1105 4133 1253 4204 voluerit,
1289 4151 1348 4191 non
1380 4132 1471 4192 facile

342 4225 547 4302 intellegatur.
585 4222 669 4294 Quod
694 4225 805 4284 vitium
828 4242 889 4282 non
912 4223 1003 4284 sicuti
1019 4221 1149 4282 Haasius
1173 4221 1299 4294 censuit,
1324 4239 1471 4280 versuum
