3240 5006
627 449 668 460 ...
718 421 758 481 17
807 449 846 460 ..

513 590 562 646 1v.
581 589 624 644 Ile
642 588 793 658 excerptis
811 588 965 647 Parlslnls.

265 719 289 778 E
313 718 458 777 Parisinis
482 722 688 794 excerptorum
712 719 798 778 libris
821 719 915 778 codici
938 717 1031 795 regio,
1057 717 1127 775 olim
1143 717 1296 789 Thuaneo,

176 810 229 886 qui
253 826 379 867 numero
405 809 490 872 7647
515 808 691 869 inscribitur
715 810 770 883 (pl,
804 808 898 868 maior
924 827 1016 883 quam
1038 807 1297 878 Nostradamensi,

175 918 256 958 nunc
289 897 373 976 regio
400 902 505 962 17903
533 899 577 972 (n)
609 897 773 957 auctoritas
806 898 998 957 attribuenda
1030 905 1084 956 est.
1131 895 1189 956 Hic
1220 896 1298 956 enim

175 987 292 1048 librarii
308 986 480 1064 ignorantia
496 987 543 1045 vel
559 987 684 1046 levitate
700 987 812 1046 mendis
829 986 997 1063 scripturae
1014 987 1174 1045 admodum
1191 986 1297 1057 scatit3

176 1076 305 1152 exempli
327 1095 419 1136 causa
448 1075 525 1134 falso
556 1095 610 1150 pro
634 1076 742 1135 codicis
766 1097 786 1151 p
809 1076 958 1152 scriptura
989 1077 1113 1150 praebet
1135 1075 1299 1134 lectionum

174 1167 338 1226 varietates
360 1165 429 1223 has:
463 1165 488 1234 Ι,
514 1169 544 1235 9,
570 1170 627 1228 28:
667 1165 833 1239 „invictos“
859 1185 913 1241 pro
940 1165 1102 1240 ,iuvit0s“,
1126 1162 1151 1235 I,
1181 1170 1230 1237 10,
1256 1165 1297 1228 46

178 1273 299 1315 versum
324 1254 447 1327 omittit,
464 1253 513 1327 ΙΙΙ,
540 1259 569 1328 3,
595 1259 655 1318 47:
688 1255 864 1332 „coniugia“
891 1247 945 1330 pro
972 1254 1159 1329 „convivia“,
1183 1251 1241 1324 III,
1267 1258 1297 1324 3,

184 1349 239 1407 12:
279 1344 442 1417 ,fundant“
478 1361 532 1418 pro
568 1343 734 1416 ,findant“,
767 1343 825 1416 ΙΙΙ,
851 1349 881 1414 3,
910 1350 967 1408 171
1002 1343 1126 1404 ifrthe0“
1160 1362 1214 1418 pro
1249 1343 1298 1417 ,in

182 1433 328 1492 erithreo“
355 1436 404 1508 (p:
441 1431 616 1506 merithe0);
652 1433 726 1491 alias
749 1433 963 1508 discrepantias
994 1451 1086 1507 supra
1109 1452 1159 1509 pg.
1189 1437 1227 1496 16
1252 1434 1298 1490 at-

180 1522 314 1580 tulimus

267 1611 410 1670 Attamen
442 1631 510 1670 cum
541 1610 800 1670 Nostradamensis
832 1631 867 1669 ex
898 1610 1040 1671 Thuaneo
1076 1630 1135 1670 non
1167 1610 1297 1684 fluxerit,

178 1704 309 1775 uterque
332 1701 369 1759 ad
394 1719 463 1758 eum
487 1701 540 1776 qui
564 1719 598 1758 ex
622 1700 717 1774 ipsius
742 1700 922 1776 excerptoris
944 1720 1036 1758 manu
1067 1699 1219 1776 profectus
1244 1702 1298 1772 est,

179 1790 311 1849 codicem
335 1789 556 1849 restituendum
579 1789 665 1848 nobis
681 1809 756 1865 opus
781 1794 834 1849 est.
883 1788 941 1858 Qui
965 1789 1179 1867 florilegiorum
1197 1789 1298 1847 arche-

176 1880 282 1956 typus,
316 1879 481 1939 communis
512 1879 646 1938 omniurn
679 1897 754 1954 quas
785 1878 923 1937 novimus
954 1883 1073 1954 praeter
1096 1877 1299 1955 Frisingenses

181 1968 353 2046 eclogarum
385 1967 461 2038 fons,
496 1967 662 2026 manifestis
694 1968 978 2044 interpolationibus
1009 1968 1191 2042 depravatus
1224 1971 1298 2031 erat.

183 2055 257 2115 (lum
280 2057 359 2115 enim
381 2057 477 2132 isqui
499 2059 637 2132 excerpta
661 2057 797 2127 confecit,
823 2075 927 2117 versus
943 2075 1018 2133 quos
1043 2077 1058 2116 e
1081 2056 1299 2116 sententiarum

182 2164 295 2205 conexu
319 2146 470 2219 evelleret,
494 2149 573 2222 ipsos
597 2165 650 2221 per
674 2165 704 2206 se
727 2146 815 2206 facile
838 2146 975 2225 intellegi
1003 2146 1103 2216 vellet,
1128 2145 1299 2222 saepissime

180 2239 210 2294 et
233 2235 402 2312 particulae
427 2240 456 2294 et
480 2235 712 2309 coniunctiones
747 2235 820 2310 quin
844 2235 935 2294 etiam
959 2236 1143 2311 pronomina,
1176 2255 1294 2312 genera,

178 2326 323 2400 tempora,
339 2325 420 2384 modi
437 2327 522 2383 erant
537 2325 691 2396 mutanda,
709 2344 839 2399 quorum
856 2326 989 2400 exempla
1005 2325 1112 2384 attulit
1124 2325 1300 2384 Protzenius

178 2414 210 2470 in
243 2413 338 2472 libelli
372 2414 419 2472 sui
452 2435 503 2492 pg.
529 2419 570 2478 45
595 2432 659 2489 sqq.
673 2415 706 2486 ¹).
754 2413 811 2472 Sed
844 2434 881 2473 ne
913 2414 944 2471 in
975 2413 1021 2472 his
1052 2415 1174 2488 quidem
1205 2415 1299 2474 inter·
1358 2426 1361 2434 '

181 2501 384 2576 polationibus
408 2503 568 2579 acquievit,
602 2503 692 2562 immo
716 2504 764 2561 vel
796 2505 874 2561 totas
907 2521 993 2577 saepe
1016 2503 1179 2562 sententias
1202 2508 1299 2562 trans-

182 2590 324 2648 formavit
346 2590 390 2650 ita
421 2594 455 2650 ut
478 2612 556 2667 quae
588 2593 624 2650 de
646 2611 707 2651 uno
739 2610 769 2650 se
793 2593 840 2651 vel
871 2591 906 2651 de
930 2595 1011 2651 certo
1040 2591 1161 2651 homine
1184 2593 1299 2651 dixerat

182 2678 328 2748 Tibullus,
353 2680 382 2738 in
406 2699 506 2740 omnes
522 2681 655 2740 homines
679 2681 859 2758 caderent.²)
895 2680 970 2739 Cum
995 2682 1097 2739 autem
1120 2682 1300 2757 opusculum

180 2787 269 2826 suum
293 2769 410 2829 scholae
433 2771 503 2828 usui
519 2771 707 2842 destinasset,
732 2790 792 2829 non
809 2772 896 2829 modo
913 2769 1013 2829 omnia
1026 2790 1103 2845 quae
1127 2772 1163 2829 ab
1179 2770 1301 2830 illorum

179 2859 349 2933 temporum
372 2859 507 2918 moribus
540 2861 815 2936 monachorumque
845 2859 927 2918 vitae
958 2859 1108 2919 institutis
1141 2860 1301 2920 abhorrere

179 2947 370 3021 videbantur,
404 2967 439 3006 ex
469 2949 579 3026 eclogia
611 2949 672 3008 suis
704 2949 833 3008 removit
866 2949 963 3026 (velut
985 2947 1027 3018 Il,
1053 2955 1082 3020 3,
1109 2954 1160 3013 38.
1176 2949 1243 3027 ΙΙΙΙ,
1269 2955 1299 3021 3,

182 3041 240 3109 32,
274 3037 350 3112 31),
394 3038 445 3095 sed
479 3038 569 3097 etiam
603 3039 826 3098 inusitaticrem
860 3039 1021 3097 verborum
1057 3039 1300 3114 compositionem

274 3263 299 3330 1)
319 3265 419 3320 Totam
443 3267 477 3322 de
501 3271 694 3339 excerptorum
718 3269 827 3323 ratione
846 3269 1038 3337 quaestionem
1057 3268 1147 3322 denuo
1166 3269 1302 3322 tractavit

182 3339 371 3405 quattuorque
382 3338 606 3408 interpolationis
620 3359 724 3409 genera
736 3341 867 3393 distinxit
879 3339 915 3392 Μ.
930 3339 1123 3394 Rothsteinius
1136 3358 1183 3409 pg.
1196 3341 1229 3391 25
1240 3358 1299 3409 sqq.

180 3426 271 3476 neque
290 3413 387 3463 tamen
404 3411 468 3464 novi
487 3411 641 3479 quidquam
660 3413 695 3466 de
719 3412 887 3481 excerptoris
907 3411 1023 3466 consilio
1048 3411 1078 3463 in
1097 3411 1219 3464 medium
1238 3429 1301 3480 pro·

180 3481 310 3534 tulit-
330 3481 409 3546 Quod
435 3483 465 3534 in
492 3500 623 3537 versuum
651 3484 686 3548 II,
712 3484 737 3548 4,
764 3483 794 3534 11
817 3501 857 3550 sq.
886 3483 971 3536 titulo
996 3483 1186 3550 excerptorem
1209 3483 1301 3552 prima
1377 3492 1379 3500 '

180 3569 298 3620 persona
316 3553 360 3606 uti
378 3553 530 3608 arbitratus
550 3557 601 3619 est,
621 3555 701 3621 quasi
720 3553 778 3620 sua,
797 3572 853 3608 uon
873 3554 944 3607 alius
963 3555 1063 3623 potitae
1081 3553 1167 3607 verba
1180 3553 1300 3619 afferret,

181 3623 283 3676 mirum
301 3623 331 3676 in
348 3625 462 3677 modum
480 3625 593 3680 videtur
612 3642 731 3689 errasse;
751 3643 806 3679 non
825 3625 900 3679 enim
922 3625 978 3690 ,De
996 3624 1083 3677 nimio
1099 3624 1160 3678 dico
1180 3625 1300 3690 dolore“,

183 3693 482 3819 s'ed'lliglalmmdico
509 3695 618 3750 dolore“
648 3697 866 3766 grammaticum
892 3697 972 3750 illum
1001 3696 1143 3764 scripsisse
1171 3697 1230 3751 veri
1259 3699 1301 3750 est

181 3781 244 3817 mm]
271 3834 298 3900 2)
316 3809 413 3892 Veluti
436 3838 471 3903 ll,
498 3839 522 3903 6,
544 3839 576 3890 19
596 3857 637 3906 sq.
666 3855 734 3908 quos
761 3857 856 3894 versus
885 3834 924 3892 sic
950 3840 1135 3901 commutatos
1169 3838 1301 3892 exhibent

159 3910 396 4041 ,excerplppffient
422 3981 505 4034 multi
533 3981 589 4035 leto
609 3983 698 4047 mala,
726 3982 840 4036 credula
864 3981 953 4035 vitam
972 3981 1040 4050 Spes
1059 3981 1136 4034 fovet
1154 3982 1183 4033 et
1201 3979 1300 4033 melius

181 4065 241 4102 cras
260 4050 318 4104 fore
338 4068 447 4119 semper
465 4052 515 4115 ait,
534 4069 585 4121 pro
600 4054 730 4107 'codicum
749 4053 883 4107 lectione:
908 4052 985 4117 ,Jam
998 4052 1075 4105 mala
1093 4052 1215 4105 finissem
1234 4051 1300 4114 lete,

181 4120 229 4172 sed
248 4121 362 4174 credula
380 4139 403 4175 e.
415 4136 449 4190 ·q.
470 4122 506 4176 s.“
546 4124 587 4187 Il,
607 4123 638 4188 5,
659 4125 691 4176 12
710 4142 760 4194 pro
779 4124 917 4193 Lygdami
941 4141 1037 4177 versu:
1067 4123 1141 4188 ,Nec
1160 4140 1207 4176 cor
1225 4121 1301 4175 solli·

181 4191 272 4245 citant
289 4193 367 4246 facta
392 4194 515 4247 nefanda
533 4195 651 4260 meum“,
677 4197 749 4249 hane
772 4195 908 4265 praebent
933 4195 1102 4249 sententiam
1126 4194 1300 4264 generalem:

431 4263 592 4319 Sollicitant
610 4270 706 4336 pectus
725 4269 801 4321 facta
820 4267 941 4320 nefanda
959 4284 1045 4320 reum.

1124 4355 1141 4407 2
