<?xml version="1.0" encoding="UTF-8"?>
<!DOCTYPE html PUBLIC "-//W3C//DTD XHTML 1.0 Transitional//EN"
    "http://www.w3.org/TR/xhtml1/DTD/xhtml1-transitional.dtd">
<html xmlns="http://www.w3.org/1999/xhtml" xml:lang="en" lang="en">
 <head>
  <title>
</title>
<meta http-equiv="Content-Type" content="text/html;charset=utf-8" />
  <meta name='ocr-system' content='tesseract 3.04.00' />
  <meta name='ocr-capabilities' content='ocr_page ocr_carea ocr_par ocr_line ocrx_word'/>
</head>
<body>
  <div class='ocr_page' id='page_1' title='image "./decodicibustibu02leongoog_0068.png"; bbox 0 0 3240 5006; ppageno 0'>
   <div class='ocr_carea' id='block_1_1' title="bbox 636 509 856 568">
    <p class='ocr_par' dir='ltr' id='par_1_1' title="bbox 636 509 856 568">
     <span class='ocr_line' id='line_1_1' title="bbox 636 509 856 568; baseline 0.005 -20"><span class='ocrx_word' id='word_1_1' title='bbox 636 509 856 568; x_wconf 65' lang='lat'>„57-</span> 
     </span>
    </p>
   </div>
   <div class='ocr_carea' id='block_1_2' title="bbox 182 680 1305 938">
    <p class='ocr_par' dir='ltr' id='par_1_2' title="bbox 182 680 1305 938">
     <span class='ocr_line' id='line_1_2' title="bbox 183 680 1305 758; baseline -0.007 -13"><span class='ocrx_word' id='word_1_2' title='bbox 183 688 238 754; x_wconf 87' lang='lat' dir='ltr'>est,</span> <span class='ocrx_word' id='word_1_3' title='bbox 264 684 340 742; x_wconf 89' lang='lat' dir='ltr'>duas</span> <span class='ocrx_word' id='word_1_4' title='bbox 363 700 416 742; x_wconf 90' lang='lat' dir='ltr'>nos</span> <span class='ocrx_word' id='word_1_5' title='bbox 439 681 549 741; x_wconf 89' lang='lat' dir='ltr'>habere</span> <span class='ocrx_word' id='word_1_6' title='bbox 572 681 735 742; x_wconf 87' lang='lat' dir='ltr'>sententias</span> <span class='ocrx_word' id='word_1_7' title='bbox 758 681 890 758; x_wconf 73' lang='lat' dir='ltr'><strong>turpiter</strong></span> <span class='ocrx_word' id='word_1_8' title='bbox 913 681 1072 752; x_wconf 87' lang='lat' dir='ltr'>conflatas,</span> <span class='ocrx_word' id='word_1_9' title='bbox 1098 680 1202 756; x_wconf 86' lang='lat' dir='ltr'>quales</span> <span class='ocrx_word' id='word_1_10' title='bbox 1226 680 1251 739; x_wconf 91' lang='lat' dir='ltr'>si</span> <span class='ocrx_word' id='word_1_11' title='bbox 1274 680 1305 738; x_wconf 93' lang='lat' dir='ltr'>in</span> 
     </span>
     <span class='ocr_line' id='line_1_3' title="bbox 182 769 1305 847; baseline -0.005 -15"><span class='ocrx_word' id='word_1_12' title='bbox 182 772 267 833; x_wconf 90' lang='lat' dir='ltr'>libris</span> <span class='ocrx_word' id='word_1_13' title='bbox 291 772 410 847; x_wconf 87' lang='lat' dir='ltr'>scriptis</span> <span class='ocrx_word' id='word_1_14' title='bbox 434 773 532 830; x_wconf 79' lang='lat' dir='ltr'>essent</span> <span class='ocrx_word' id='word_1_15' title='bbox 554 771 694 840; x_wconf 83' lang='lat' dir='ltr'>traditae,</span> <span class='ocrx_word' id='word_1_16' title='bbox 720 771 858 830; x_wconf 89' lang='lat' dir='ltr'>omnibus</span> <span class='ocrx_word' id='word_1_17' title='bbox 874 770 1019 834; x_wconf 85' lang='lat' dir='ltr'>machinis</span> <span class='ocrx_word' id='word_1_18' title='bbox 1041 770 1144 846; x_wconf 89' lang='lat' dir='ltr'>potius</span> <span class='ocrx_word' id='word_1_19' title='bbox 1166 769 1305 828; x_wconf 76' lang='lat' dir='ltr'>dirimere</span> 
     </span>
     <span class='ocr_line' id='line_1_4' title="bbox 186 863 352 938; baseline 0.006 -16"><span class='ocrx_word' id='word_1_20' title='bbox 186 863 352 938; x_wconf 77' lang='lat' dir='ltr'>oportebat.</span> 
     </span>
    </p>
   </div>
   <div class='ocr_carea' id='block_1_3' title="bbox 181 965 1307 2555">
    <p class='ocr_par' dir='ltr' id='par_1_3' title="bbox 181 965 1307 2555">
     <span class='ocr_line' id='line_1_5' title="bbox 274 965 1305 1041; baseline -0.002 -15"><span class='ocrx_word' id='word_1_21' title='bbox 274 967 357 1038; x_wconf 80' lang='lat' dir='ltr'>Quae</span> <span class='ocrx_word' id='word_1_22' title='bbox 380 985 427 1026; x_wconf 87' lang='lat' dir='ltr'>res</span> <span class='ocrx_word' id='word_1_23' title='bbox 450 966 666 1026; x_wconf 85' lang='lat' dir='ltr'>Baehrensium</span> <span class='ocrx_word' id='word_1_24' title='bbox 689 965 806 1037; x_wconf 82' lang='lat' dir='ltr'>fefellit,</span> <span class='ocrx_word' id='word_1_25' title='bbox 830 983 888 1024; x_wconf 89' lang='lat' dir='ltr'>non</span> <span class='ocrx_word' id='word_1_26' title='bbox 911 965 1020 1024; x_wconf 86' lang='lat' dir='ltr'>fefellit</span> <span class='ocrx_word' id='word_1_27' title='bbox 1039 965 1226 1039; x_wconf 89' lang='lat' dir='ltr'>Richterum,</span> <span class='ocrx_word' id='word_1_28' title='bbox 1251 965 1305 1041; x_wconf 91' lang='lat' dir='ltr'>qui</span> 
     </span>
     <span class='ocr_line' id='line_1_6' title="bbox 185 1054 1305 1130; baseline -0.004 -13"><span class='ocrx_word' id='word_1_29' title='bbox 185 1059 230 1118; x_wconf 86' lang='lat' dir='ltr'>vir</span> <span class='ocrx_word' id='word_1_30' title='bbox 245 1055 625 1130; x_wconf 81' lang='lat' dir='ltr'>doctusinterpretatione</span> <span class='ocrx_word' id='word_1_31' title='bbox 648 1055 703 1114; x_wconf 90' lang='lat' dir='ltr'>hoo</span> <span class='ocrx_word' id='word_1_32' title='bbox 720 1055 932 1114; x_wconf 78' lang='lat' dir='ltr'>emendationis</span> <span class='ocrx_word' id='word_1_33' title='bbox 956 1073 1028 1114; x_wconf 91' lang='lat' dir='ltr'>suae</span> <span class='ocrx_word' id='word_1_34' title='bbox 1051 1055 1161 1114; x_wconf 85' lang='lat' dir='ltr'>vitium</span> <span class='ocrx_word' id='word_1_35' title='bbox 1185 1054 1305 1114; x_wconf 89' lang='lat' dir='ltr'>studuit</span> 
     </span>
     <span class='ocr_line' id='line_1_7' title="bbox 183 1144 1303 1220; baseline -0.004 -13"><span class='ocrx_word' id='word_1_36' title='bbox 183 1165 331 1208; x_wconf 84' lang='lat' dir='ltr'>amovere.</span> <span class='ocrx_word' id='word_1_37' title='bbox 370 1144 511 1220; x_wconf 73' lang='lat' dir='ltr'>„inertia</span> <span class='ocrx_word' id='word_1_38' title='bbox 535 1144 646 1220; x_wconf 87' lang='lat' dir='ltr'>inquit,</span> <span class='ocrx_word' id='word_1_39' title='bbox 670 1162 786 1219; x_wconf 88' lang='lat' dir='ltr'>semper</span> <span class='ocrx_word' id='word_1_40' title='bbox 810 1144 922 1220; x_wconf 89' lang='lat' dir='ltr'>aliquid</span> <span class='ocrx_word' id='word_1_41' title='bbox 947 1144 1180 1219; x_wconf 82' lang='lat' dir='ltr'>reprehensionis</span> <span class='ocrx_word' id='word_1_42' title='bbox 1203 1144 1303 1215; x_wconf 86' lang='lat' dir='ltr'>habet,</span> 
     </span>
     <span class='ocr_line' id='line_1_8' title="bbox 181 1232 1304 1310; baseline -0.004 -15"><span class='ocrx_word' id='word_1_43' title='bbox 181 1240 221 1295; x_wconf 87' lang='lat' dir='ltr'>ut</span> <span class='ocrx_word' id='word_1_44' title='bbox 245 1235 272 1294; x_wconf 90' lang='lat' dir='ltr'>ei</span> <span class='ocrx_word' id='word_1_45' title='bbox 295 1234 445 1294; x_wconf 85' lang='lat' dir='ltr'>obiciatur·</span> <span class='ocrx_word' id='word_1_46' title='bbox 477 1234 529 1309; x_wconf 91' lang='lat' dir='ltr'>qui</span> <span class='ocrx_word' id='word_1_47' title='bbox 561 1233 651 1292; x_wconf 92' lang='lat' dir='ltr'>alicui</span> <span class='ocrx_word' id='word_1_48' title='bbox 682 1233 802 1310; x_wconf 88' lang='lat' dir='ltr'>negotio</span> <span class='ocrx_word' id='word_1_49' title='bbox 835 1233 1021 1308; x_wconf 86' lang='lat' dir='ltr'>exsequendo</span> <span class='ocrx_word' id='word_1_50' title='bbox 1053 1233 1150 1309; x_wconf 83' lang='lat' dir='ltr'>impar</span> <span class='ocrx_word' id='word_1_51' title='bbox 1174 1251 1235 1293; x_wconf 91' lang='lat' dir='ltr'>esse</span> <span class='ocrx_word' id='word_1_52' title='bbox 1259 1232 1304 1291; x_wconf 86' lang='lat' dir='ltr'>vi-</span> 
     </span>
     <span class='ocr_line' id='line_1_9' title="bbox 185 1322 1303 1400; baseline -0.003 -16"><span class='ocrx_word' id='word_1_53' title='bbox 185 1327 274 1384; x_wconf 91' lang='lat' dir='ltr'>detur</span> <span class='ocrx_word' id='word_1_54' title='bbox 298 1323 470 1400; x_wconf 77' lang='lat' dir='ltr'>(unfthig);</span> <span class='ocrx_word' id='word_1_55' title='bbox 496 1322 549 1383; x_wconf 88' lang='lat' dir='ltr'>cfr.</span> <span class='ocrx_word' id='word_1_56' title='bbox 572 1322 652 1381; x_wconf 90' lang='lat' dir='ltr'>infra</span> <span class='ocrx_word' id='word_1_57' title='bbox 675 1342 704 1381; x_wconf 85' lang='lat' dir='ltr'>v.</span> <span class='ocrx_word' id='word_1_58' title='bbox 731 1326 786 1385; x_wconf 83' lang='lat'>58:</span> <span class='ocrx_word' id='word_1_59' title='bbox 811 1322 910 1399; x_wconf 86' lang='lat' dir='ltr'>segnis</span> <span class='ocrx_word' id='word_1_60' title='bbox 933 1322 1072 1398; x_wconf 88' lang='lat' dir='ltr'>inersque</span> <span class='ocrx_word' id='word_1_61' title='bbox 1087 1340 1185 1393; x_wconf 87' lang='lat' dir='ltr'>vocer,</span> <span class='ocrx_word' id='word_1_62' title='bbox 1203 1342 1231 1381; x_wconf 85' lang='lat' dir='ltr'>v.</span> <span class='ocrx_word' id='word_1_63' title='bbox 1247 1327 1303 1385; x_wconf 83' lang='lat'>71:</span> 
     </span>
     <span class='ocr_line' id='line_1_10' title="bbox 185 1411 1304 1488; baseline -0.004 -16"><span class='ocrx_word' id='word_1_64' title='bbox 185 1415 262 1472; x_wconf 88' lang='lat' dir='ltr'>iners</span> <span class='ocrx_word' id='word_1_65' title='bbox 287 1416 378 1472; x_wconf 80' lang='lat' dir='ltr'>astae.</span> <span class='ocrx_word' id='word_1_66' title='bbox 425 1411 534 1486; x_wconf 85' lang='lat' dir='ltr'>Itaque</span> <span class='ocrx_word' id='word_1_67' title='bbox 557 1411 636 1470; x_wconf 91' lang='lat' dir='ltr'>iners</span> <span class='ocrx_word' id='word_1_68' title='bbox 659 1411 724 1469; x_wconf 88' lang='lat' dir='ltr'>vita</span> <span class='ocrx_word' id='word_1_69' title='bbox 747 1411 802 1470; x_wconf 89' lang='lat' dir='ltr'>hoc</span> <span class='ocrx_word' id='word_1_70' title='bbox 825 1411 890 1470; x_wconf 86' lang='lat' dir='ltr'>loco</span> <span class='ocrx_word' id='word_1_71' title='bbox 915 1411 977 1470; x_wconf 89' lang='lat' dir='ltr'>eius</span> <span class='ocrx_word' id='word_1_72' title='bbox 1002 1413 1046 1470; x_wconf 87' lang='lat' dir='ltr'>est</span> <span class='ocrx_word' id='word_1_73' title='bbox 1069 1412 1123 1488; x_wconf 90' lang='lat' dir='ltr'>qui</span> <span class='ocrx_word' id='word_1_74' title='bbox 1146 1412 1226 1488; x_wconf 91' lang='lat' dir='ltr'>quod</span> <span class='ocrx_word' id='word_1_75' title='bbox 1249 1411 1304 1469; x_wconf 89' lang='lat' dir='ltr'>mi-</span> 
     </span>
     <span class='ocr_line' id='line_1_11' title="bbox 186 1499 1305 1578; baseline -0.002 -18"><span class='ocrx_word' id='word_1_76' title='bbox 186 1503 283 1562; x_wconf 84' lang='lat' dir='ltr'>litiam</span> <span class='ocrx_word' id='word_1_77' title='bbox 307 1503 456 1562; x_wconf 89' lang='lat' dir='ltr'>detrectat</span> <span class='ocrx_word' id='word_1_78' title='bbox 480 1504 509 1560; x_wconf 87' lang='lat' dir='ltr'>et</span> <span class='ocrx_word' id='word_1_79' title='bbox 532 1500 653 1559; x_wconf 87' lang='lat' dir='ltr'>divitias</span> <span class='ocrx_word' id='word_1_80' title='bbox 667 1499 745 1559; x_wconf 89' lang='lat' dir='ltr'>bello</span> <span class='ocrx_word' id='word_1_81' title='bbox 762 1503 916 1578; x_wconf 87' lang='lat' dir='ltr'>congestas</span> <span class='ocrx_word' id='word_1_82' title='bbox 932 1500 1067 1575; x_wconf 76' lang='lat' dir='ltr'>despicit,</span> <span class='ocrx_word' id='word_1_83' title='bbox 1092 1501 1210 1559; x_wconf 89' lang='lat' dir='ltr'>nullum</span> <span class='ocrx_word' id='word_1_84' title='bbox 1227 1501 1305 1560; x_wconf 89' lang='lat' dir='ltr'>inter</span> 
     </span>
     <span class='ocr_line' id='line_1_12' title="bbox 186 1587 1305 1666; baseline -0.004 -14"><span class='ocrx_word' id='word_1_85' title='bbox 186 1593 262 1652; x_wconf 84' lang='lat' dir='ltr'>cives</span> <span class='ocrx_word' id='word_1_86' title='bbox 286 1591 403 1651; x_wconf 89' lang='lat' dir='ltr'>obtinet</span> <span class='ocrx_word' id='word_1_87' title='bbox 415 1609 575 1648; x_wconf 89' lang='lat' dir='ltr'>numerum</span> <span class='ocrx_word' id='word_1_88' title='bbox 599 1589 660 1666; x_wconf 88' lang='lat' dir='ltr'>(ein</span> <span class='ocrx_word' id='word_1_89' title='bbox 684 1589 803 1648; x_wconf 89' lang='lat' dir='ltr'>thaten-</span> <span class='ocrx_word' id='word_1_90' title='bbox 826 1588 890 1648; x_wconf 93' lang='lat' dir='ltr'>und</span> <span class='ocrx_word' id='word_1_91' title='bbox 905 1590 1071 1649; x_wconf 90' lang='lat' dir='ltr'>ruhmloses</span> <span class='ocrx_word' id='word_1_92' title='bbox 1087 1590 1194 1666; x_wconf 87' lang='lat' dir='ltr'>leben).</span> <span class='ocrx_word' id='word_1_93' title='bbox 1229 1587 1305 1648; x_wconf 81' lang='lat' dir='ltr'>Gon-</span> 
     </span>
     <span class='ocr_line' id='line_1_13' title="bbox 183 1679 1306 1754; baseline -0.003 -14"><span class='ocrx_word' id='word_1_94' title='bbox 183 1682 339 1742; x_wconf 85' lang='lat' dir='ltr'>iunctivus</span> <span class='ocrx_word' id='word_1_95' title='bbox 371 1681 474 1738; x_wconf 88' lang='lat' dir='ltr'>autem</span> <span class='ocrx_word' id='word_1_96' title='bbox 497 1679 662 1754; x_wconf 87' lang='lat' dir='ltr'>(traducat)</span> <span class='ocrx_word' id='word_1_97' title='bbox 695 1697 752 1736; x_wconf 92' lang='lat' dir='ltr'>non</span> <span class='ocrx_word' id='word_1_98' title='bbox 782 1679 930 1754; x_wconf 88' lang='lat' dir='ltr'>optantis,</span> <span class='ocrx_word' id='word_1_99' title='bbox 963 1680 1012 1738; x_wconf 89' lang='lat' dir='ltr'>sed</span> <span class='ocrx_word' id='word_1_100' title='bbox 1044 1679 1228 1739; x_wconf 88' lang='lat' dir='ltr'>concedentis</span> <span class='ocrx_word' id='word_1_101' title='bbox 1261 1681 1306 1737; x_wconf 91' lang='lat' dir='ltr'>est</span> 
     </span>
     <span class='ocr_line' id='line_1_14' title="bbox 183 1767 1305 1845; baseline -0.004 -16"><span class='ocrx_word' id='word_1_102' title='bbox 183 1774 328 1845; x_wconf 86' lang='lat' dir='ltr'>totusque</span> <span class='ocrx_word' id='word_1_103' title='bbox 357 1769 442 1829; x_wconf 90' lang='lat' dir='ltr'>locus</span> <span class='ocrx_word' id='word_1_104' title='bbox 474 1768 517 1826; x_wconf 87' lang='lat' dir='ltr'>ita</span> <span class='ocrx_word' id='word_1_105' title='bbox 549 1767 702 1844; x_wconf 83' lang='lat' dir='ltr'>explanari</span> <span class='ocrx_word' id='word_1_106' title='bbox 733 1768 840 1827; x_wconf 91' lang='lat' dir='ltr'>debet:</span> <span class='ocrx_word' id='word_1_107' title='bbox 879 1767 981 1826; x_wconf 87' lang='lat' dir='ltr'>Patiar</span> <span class='ocrx_word' id='word_1_108' title='bbox 1012 1788 1059 1827; x_wconf 90' lang='lat' dir='ltr'>me</span> <span class='ocrx_word' id='word_1_109' title='bbox 1093 1770 1216 1844; x_wconf 88' lang='lat' dir='ltr'>propter</span> <span class='ocrx_word' id='word_1_110' title='bbox 1248 1767 1305 1825; x_wconf 92' lang='lat' dir='ltr'>mi·</span> 
     </span>
     <span class='ocr_line' id='line_1_15' title="bbox 185 1856 1306 1935; baseline -0.003 -18"><span class='ocrx_word' id='word_1_111' title='bbox 185 1859 270 1918; x_wconf 86' lang='lat' dir='ltr'>litiae</span> <span class='ocrx_word' id='word_1_112' title='bbox 286 1857 530 1918; x_wconf 87' lang='lat' dir='ltr'>detrectationem</span> <span class='ocrx_word' id='word_1_113' title='bbox 547 1860 577 1916; x_wconf 87' lang='lat' dir='ltr'>et</span> <span class='ocrx_word' id='word_1_114' title='bbox 592 1859 803 1935; x_wconf 86' lang='lat' dir='ltr'>paupertatem</span> <span class='ocrx_word' id='word_1_115' title='bbox 822 1876 918 1915; x_wconf 91' lang='lat' dir='ltr'>meam</span> <span class='ocrx_word' id='word_1_116' title='bbox 941 1856 1004 1915; x_wconf 90' lang='lat' dir='ltr'>sine</span> <span class='ocrx_word' id='word_1_117' title='bbox 1027 1877 1128 1916; x_wconf 88' lang='lat' dir='ltr'>rerum</span> <span class='ocrx_word' id='word_1_118' title='bbox 1152 1859 1306 1934; x_wconf 89' lang='lat' dir='ltr'>gestarum</span> 
     </span>
     <span class='ocr_line' id='line_1_16' title="bbox 189 1945 1304 2024; baseline -0.002 -19"><span class='ocrx_word' id='word_1_119' title='bbox 189 1948 292 2020; x_wconf 90' lang='lat' dir='ltr'>laude,</span> <span class='ocrx_word' id='word_1_120' title='bbox 321 1947 383 2006; x_wconf 89' lang='lat' dir='ltr'>sine</span> <span class='ocrx_word' id='word_1_121' title='bbox 410 1947 522 2006; x_wconf 91' lang='lat' dir='ltr'>honore</span> <span class='ocrx_word' id='word_1_122' title='bbox 551 1950 581 2006; x_wconf 85' lang='lat' dir='ltr'>et</span> <span class='ocrx_word' id='word_1_123' title='bbox 603 1946 751 2024; x_wconf 85' lang='lat' dir='ltr'>dignitate</span> <span class='ocrx_word' id='word_1_124' title='bbox 775 1945 870 2005; x_wconf 87' lang='lat' dir='ltr'>vitam</span> <span class='ocrx_word' id='word_1_125' title='bbox 896 1946 1017 2023; x_wconf 83' lang='lat' dir='ltr'>degere,</span> <span class='ocrx_word' id='word_1_126' title='bbox 1047 1946 1208 2016; x_wconf 88' lang='lat' dir='ltr'>dummodo</span> <span class='ocrx_word' id='word_1_127' title='bbox 1233 1966 1257 2007; x_wconf 88' lang='lat' dir='ltr'>e.</span> <span class='ocrx_word' id='word_1_128' title='bbox 1275 1966 1304 2022; x_wconf 91' lang='lat' dir='ltr'>q.</span> 
     </span>
     <span class='ocr_line' id='line_1_17' title="bbox 187 2034 1305 2112; baseline -0.002 -17"><span class='ocrx_word' id='word_1_129' title='bbox 187 2040 251 2112; x_wconf 85' lang='lat' dir='ltr'>sq.“</span> <span class='ocrx_word' id='word_1_130' title='bbox 289 2035 336 2096; x_wconf 84' lang='lat' dir='ltr'>Sic</span> <span class='ocrx_word' id='word_1_131' title='bbox 367 2038 445 2096; x_wconf 91' lang='lat' dir='ltr'>certe</span> <span class='ocrx_word' id='word_1_132' title='bbox 478 2035 610 2111; x_wconf 91' lang='lat' dir='ltr'>optimus</span> <span class='ocrx_word' id='word_1_133' title='bbox 643 2035 742 2095; x_wconf 85' lang='lat' dir='ltr'>evadit</span> <span class='ocrx_word' id='word_1_134' title='bbox 785 2053 906 2094; x_wconf 88' lang='lat' dir='ltr'>sensus:</span> <span class='ocrx_word' id='word_1_135' title='bbox 950 2034 1051 2094; x_wconf 88' lang='lat' dir='ltr'>Vitam</span> <span class='ocrx_word' id='word_1_136' title='bbox 1082 2034 1241 2112; x_wconf 89' lang='lat' dir='ltr'>ingloriam</span> <span class='ocrx_word' id='word_1_137' title='bbox 1275 2037 1305 2093; x_wconf 89' lang='lat' dir='ltr'>et</span> 
     </span>
     <span class='ocr_line' id='line_1_18' title="bbox 190 2123 1305 2203; baseline -0.002 -19"><span class='ocrx_word' id='word_1_138' title='bbox 190 2127 345 2184; x_wconf 84' lang='lat' dir='ltr'>obscuram</span> <span class='ocrx_word' id='word_1_139' title='bbox 367 2126 472 2203; x_wconf 85' lang='lat' dir='ltr'>degam</span> <span class='ocrx_word' id='word_1_140' title='bbox 496 2143 620 2200; x_wconf 85' lang='lat' dir='ltr'>pauper,</span> <span class='ocrx_word' id='word_1_141' title='bbox 644 2125 804 2184; x_wconf 88' lang='lat' dir='ltr'>dummodo</span> <span class='ocrx_word' id='word_1_142' title='bbox 835 2123 908 2183; x_wconf 90' lang='lat' dir='ltr'>belli</span> <span class='ocrx_word' id='word_1_143' title='bbox 930 2123 1083 2183; x_wconf 82' lang='lat' dir='ltr'>laboribus</span> <span class='ocrx_word' id='word_1_144' title='bbox 1105 2142 1220 2183; x_wconf 88' lang='lat' dir='ltr'>vacuus</span> <span class='ocrx_word' id='word_1_145' title='bbox 1243 2141 1305 2183; x_wconf 90' lang='lat' dir='ltr'>esse</span> 
     </span>
     <span class='ocr_line' id='line_1_19' title="bbox 185 2212 1305 2290; baseline -0.004 -16"><span class='ocrx_word' id='word_1_146' title='bbox 185 2215 305 2290; x_wconf 91' lang='lat' dir='ltr'>possim.</span> <span class='ocrx_word' id='word_1_147' title='bbox 345 2215 388 2274; x_wconf 86' lang='lat' dir='ltr'>At</span> <span class='ocrx_word' id='word_1_148' title='bbox 403 2215 539 2290; x_wconf 89' lang='lat' dir='ltr'>profecto</span> <span class='ocrx_word' id='word_1_149' title='bbox 555 2214 591 2272; x_wconf 89' lang='lat' dir='ltr'>de</span> <span class='ocrx_word' id='word_1_150' title='bbox 603 2233 705 2272; x_wconf 88' lang='lat' dir='ltr'>rerum</span> <span class='ocrx_word' id='word_1_151' title='bbox 721 2217 874 2290; x_wconf 86' lang='lat' dir='ltr'>gestarum</span> <span class='ocrx_word' id='word_1_152' title='bbox 897 2214 996 2286; x_wconf 88' lang='lat' dir='ltr'>laude,</span> <span class='ocrx_word' id='word_1_153' title='bbox 1021 2214 1058 2272; x_wconf 90' lang='lat' dir='ltr'>de</span> <span class='ocrx_word' id='word_1_154' title='bbox 1081 2214 1192 2272; x_wconf 91' lang='lat' dir='ltr'>honore</span> <span class='ocrx_word' id='word_1_155' title='bbox 1207 2212 1305 2290; x_wconf 90' lang='lat' dir='ltr'>digni-</span> 
     </span>
     <span class='ocr_line' id='line_1_20' title="bbox 183 2301 1306 2382; baseline -0.004 -18"><span class='ocrx_word' id='word_1_156' title='bbox 183 2307 308 2382; x_wconf 86' lang='lat' dir='ltr'>tateque</span> <span class='ocrx_word' id='word_1_157' title='bbox 332 2305 412 2364; x_wconf 90' lang='lat' dir='ltr'>bello</span> <span class='ocrx_word' id='word_1_158' title='bbox 436 2305 524 2380; x_wconf 90' lang='lat' dir='ltr'>parta</span> <span class='ocrx_word' id='word_1_159' title='bbox 554 2302 630 2361; x_wconf 88' lang='lat' dir='ltr'>nihil</span> <span class='ocrx_word' id='word_1_160' title='bbox 654 2302 774 2361; x_wconf 91' lang='lat' dir='ltr'>omnino</span> <span class='ocrx_word' id='word_1_161' title='bbox 798 2305 886 2377; x_wconf 88' lang='lat' dir='ltr'>poeta</span> <span class='ocrx_word' id='word_1_162' title='bbox 918 2302 1109 2379; x_wconf 87' lang='lat' dir='ltr'>significavit.</span> <span class='ocrx_word' id='word_1_163' title='bbox 1157 2301 1306 2372; x_wconf 81' lang='lat' dir='ltr'>Quidnam</span> 
     </span>
     <span class='ocr_line' id='line_1_21' title="bbox 184 2390 1306 2468; baseline -0.003 -16"><span class='ocrx_word' id='word_1_164' title='bbox 184 2394 268 2452; x_wconf 87' lang='lat' dir='ltr'>aliud</span> <span class='ocrx_word' id='word_1_165' title='bbox 290 2395 356 2452; x_wconf 84' lang='lat' dir='ltr'>vita</span> <span class='ocrx_word' id='word_1_166' title='bbox 378 2393 431 2450; x_wconf 90' lang='lat' dir='ltr'>illa</span> <span class='ocrx_word' id='word_1_167' title='bbox 454 2393 532 2452; x_wconf 91' lang='lat' dir='ltr'>iners</span> <span class='ocrx_word' id='word_1_168' title='bbox 556 2395 655 2467; x_wconf 91' lang='lat' dir='ltr'>potest</span> <span class='ocrx_word' id='word_1_169' title='bbox 678 2391 814 2466; x_wconf 85' lang='lat' dir='ltr'>intellegi</span> <span class='ocrx_word' id='word_1_170' title='bbox 838 2390 895 2449; x_wconf 92' lang='lat' dir='ltr'>nisi</span> <span class='ocrx_word' id='word_1_171' title='bbox 926 2391 981 2450; x_wconf 88' lang='lat' dir='ltr'>hoc</span> <span class='ocrx_word' id='word_1_172' title='bbox 1008 2392 1093 2465; x_wconf 88' lang='lat' dir='ltr'>„viae</span> <span class='ocrx_word' id='word_1_173' title='bbox 1117 2392 1224 2468; x_wconf 92' lang='lat' dir='ltr'>longae</span> <span class='ocrx_word' id='word_1_174' title='bbox 1248 2410 1306 2449; x_wconf 93' lang='lat' dir='ltr'>non</span> 
     </span>
     <span class='ocr_line' id='line_1_22' title="bbox 186 2479 1307 2555; baseline -0.002 -15"><span class='ocrx_word' id='word_1_175' title='bbox 186 2499 302 2555; x_wconf 87' lang='lat' dir='ltr'>semper</span> <span class='ocrx_word' id='word_1_176' title='bbox 324 2482 461 2540; x_wconf 88' lang='lat' dir='ltr'>deditum</span> <span class='ocrx_word' id='word_1_177' title='bbox 485 2500 556 2553; x_wconf 90' lang='lat' dir='ltr'>esse,</span> <span class='ocrx_word' id='word_1_178' title='bbox 581 2481 632 2540; x_wconf 91' lang='lat' dir='ltr'>sed</span> <span class='ocrx_word' id='word_1_179' title='bbox 656 2482 711 2539; x_wconf 90' lang='lat' dir='ltr'>sub</span> <span class='ocrx_word' id='word_1_180' title='bbox 736 2480 850 2540; x_wconf 90' lang='lat' dir='ltr'>arboris</span> <span class='ocrx_word' id='word_1_181' title='bbox 873 2481 981 2539; x_wconf 89' lang='lat' dir='ltr'>umbra</span> <span class='ocrx_word' id='word_1_182' title='bbox 1006 2479 1165 2540; x_wconf 71' lang='lat' dir='ltr'>Caniculae</span> <span class='ocrx_word' id='word_1_183' title='bbox 1189 2482 1307 2539; x_wconf 91' lang='lat' dir='ltr'>aestum</span> 
     </span>
    </p>
   </div>
   <div class='ocr_carea' id='block_1_4' title="bbox 188 2568 1007 2646">
    <p class='ocr_par' dir='ltr' id='par_1_4' title="bbox 188 2568 1007 2646">
     <span class='ocr_line' id='line_1_23' title="bbox 188 2568 1007 2646; baseline -0.001 -18"><span class='ocrx_word' id='word_1_184' title='bbox 188 2568 316 2640; x_wconf 87' lang='lat' dir='ltr'>vitare“‚</span> <span class='ocrx_word' id='word_1_185' title='bbox 341 2571 515 2646; x_wconf 89' lang='lat' dir='ltr'>praesertim</span> <span class='ocrx_word' id='word_1_186' title='bbox 539 2590 607 2630; x_wconf 89' lang='lat' dir='ltr'>cum</span> <span class='ocrx_word' id='word_1_187' title='bbox 630 2587 735 2628; x_wconf 85' lang='lat' dir='ltr'>versus</span> <span class='ocrx_word' id='word_1_188' title='bbox 758 2569 790 2627; x_wconf 94' lang='lat' dir='ltr'>hi</span> <span class='ocrx_word' id='word_1_189' title='bbox 813 2570 1007 2644; x_wconf 85' lang='lat' dir='ltr'>praecedant:</span> 
     </span>
    </p>
   </div>
   <div class='ocr_carea' id='block_1_5' title="bbox 178 2675 1076 2764">
    <p class='ocr_par' dir='ltr' id='par_1_5' title="bbox 178 2675 1076 2764">
     <span class='ocr_line' id='line_1_24' title="bbox 178 2675 1076 2764; baseline 0.003 -21"><span class='ocrx_word' id='word_1_190' title='bbox 178 2675 197 2710; x_wconf 30' lang='grc' dir='ltr'>χ</span> <span class='ocrx_word' id='word_1_191' title='bbox 399 2686 528 2746; x_wconf 79' lang='lat' dir='ltr'>Divitias</span> <span class='ocrx_word' id='word_1_192' title='bbox 552 2686 628 2745; x_wconf 90' lang='lat' dir='ltr'>alius</span> <span class='ocrx_word' id='word_1_193' title='bbox 651 2685 736 2745; x_wconf 86' lang='lat' dir='ltr'>fulvo</span> <span class='ocrx_word' id='word_1_194' title='bbox 759 2685 817 2745; x_wconf 90' lang='lat' dir='ltr'>sibi</span> <span class='ocrx_word' id='word_1_195' title='bbox 840 2690 981 2764; x_wconf 87' lang='lat' dir='ltr'>congerat</span> <span class='ocrx_word' id='word_1_196' title='bbox 1004 2705 1076 2746; x_wconf 90' lang='lat' dir='ltr'>auro</span> 
     </span>
    </p>
   </div>
   <div class='ocr_carea' id='block_1_6' title="bbox 400 2775 1171 3032">
    <p class='ocr_par' dir='ltr' id='par_1_6' title="bbox 400 2775 1171 3032">
     <span class='ocr_line' id='line_1_25' title="bbox 451 2775 1049 2853; baseline -0.003 -19"><span class='ocrx_word' id='word_1_197' title='bbox 451 2777 491 2836; x_wconf 80' lang='lat' dir='ltr'>Et</span> <span class='ocrx_word' id='word_1_198' title='bbox 514 2779 616 2836; x_wconf 86' lang='lat' dir='ltr'>teneat</span> <span class='ocrx_word' id='word_1_199' title='bbox 639 2775 715 2834; x_wconf 89' lang='lat' dir='ltr'>culti</span> <span class='ocrx_word' id='word_1_200' title='bbox 737 2775 842 2853; x_wconf 87' lang='lat' dir='ltr'>iugera</span> <span class='ocrx_word' id='word_1_201' title='bbox 864 2776 962 2835; x_wconf 90' lang='lat' dir='ltr'>multa</span> <span class='ocrx_word' id='word_1_202' title='bbox 985 2776 1049 2849; x_wconf 92' lang='lat' dir='ltr'>soli,</span> 
     </span>
     <span class='ocr_line' id='line_1_26' title="bbox 400 2864 1144 2936; baseline 0 -12"><span class='ocrx_word' id='word_1_203' title='bbox 400 2864 494 2936; x_wconf 78' lang='lat' dir='ltr'>Quem</span> <span class='ocrx_word' id='word_1_204' title='bbox 518 2867 602 2924; x_wconf 91' lang='lat' dir='ltr'>labor</span> <span class='ocrx_word' id='word_1_205' title='bbox 626 2865 769 2924; x_wconf 89' lang='lat' dir='ltr'>adsiduus</span> <span class='ocrx_word' id='word_1_206' title='bbox 793 2865 890 2925; x_wconf 85' lang='lat' dir='ltr'>vicino</span> <span class='ocrx_word' id='word_1_207' title='bbox 914 2868 1027 2925; x_wconf 88' lang='lat' dir='ltr'>terreat</span> <span class='ocrx_word' id='word_1_208' title='bbox 1049 2866 1144 2935; x_wconf 89' lang='lat' dir='ltr'>hoste,</span> 
     </span>
     <span class='ocr_line' id='line_1_27' title="bbox 451 2954 1171 3032; baseline -0.001 -19"><span class='ocrx_word' id='word_1_209' title='bbox 451 2955 564 3014; x_wconf 87' lang='lat' dir='ltr'>Martia</span> <span class='ocrx_word' id='word_1_210' title='bbox 587 2956 636 3013; x_wconf 90' lang='lat' dir='ltr'>cui</span> <span class='ocrx_word' id='word_1_211' title='bbox 660 2973 776 3013; x_wconf 88' lang='lat' dir='ltr'>somnos</span> <span class='ocrx_word' id='word_1_212' title='bbox 801 2955 921 3014; x_wconf 85' lang='lat' dir='ltr'>classica</span> <span class='ocrx_word' id='word_1_213' title='bbox 944 2955 1031 3030; x_wconf 90' lang='lat' dir='ltr'>pulsa</span> <span class='ocrx_word' id='word_1_214' title='bbox 1053 2954 1171 3032; x_wconf 88' lang='lat' dir='ltr'>fugent,</span> 
     </span>
    </p>
   </div>
   <div class='ocr_carea' id='block_1_7' title="bbox 184 3069 1305 3769">
    <p class='ocr_par' dir='ltr' id='par_1_7' title="bbox 184 3069 1305 3769">
     <span class='ocr_line' id='line_1_28' title="bbox 184 3069 1304 3146; baseline -0.001 -17"><span class='ocrx_word' id='word_1_215' title='bbox 184 3071 296 3144; x_wconf 89' lang='lat' dir='ltr'>quibus</span> <span class='ocrx_word' id='word_1_216' title='bbox 319 3070 458 3129; x_wconf 85' lang='lat' dir='ltr'>versibus</span> <span class='ocrx_word' id='word_1_217' title='bbox 483 3070 592 3145; x_wconf 89' lang='lat' dir='ltr'>optime</span> <span class='ocrx_word' id='word_1_218' title='bbox 617 3073 818 3146; x_wconf 84' lang='lat' dir='ltr'>accurateque</span> <span class='ocrx_word' id='word_1_219' title='bbox 841 3071 1000 3146; x_wconf 88' lang='lat' dir='ltr'>respondet</span> <span class='ocrx_word' id='word_1_220' title='bbox 1033 3089 1137 3130; x_wconf 86' lang='lat' dir='ltr'>versus</span> <span class='ocrx_word' id='word_1_221' title='bbox 1161 3069 1304 3145; x_wconf 89' lang='lat' dir='ltr'>quintus;</span> 
     </span>
     <span class='ocr_line' id='line_1_29' title="bbox 185 3157 1304 3236; baseline 0.004 -22"><span class='ocrx_word' id='word_1_222' title='bbox 185 3177 256 3215; x_wconf 82' lang='lat' dir='ltr'>narn</span> <span class='ocrx_word' id='word_1_223' title='bbox 285 3157 416 3232; x_wconf 86' lang='lat' dir='ltr'>priorem</span> <span class='ocrx_word' id='word_1_224' title='bbox 447 3158 537 3217; x_wconf 90' lang='lat' dir='ltr'>huius</span> <span class='ocrx_word' id='word_1_225' title='bbox 568 3162 684 3236; x_wconf 85' lang='lat' dir='ltr'>partem</span> <span class='ocrx_word' id='word_1_226' title='bbox 712 3179 788 3235; x_wconf 90' lang='lat' dir='ltr'>quae</span> <span class='ocrx_word' id='word_1_227' title='bbox 822 3162 884 3219; x_wconf 88' lang='lat' dir='ltr'>est:</span> <span class='ocrx_word' id='word_1_228' title='bbox 920 3161 986 3234; x_wconf 90' lang='lat' dir='ltr'>„Me</span> <span class='ocrx_word' id='word_1_229' title='bbox 1017 3178 1082 3219; x_wconf 88' lang='lat' dir='ltr'>mea</span> <span class='ocrx_word' id='word_1_230' title='bbox 1111 3161 1304 3235; x_wconf 86' lang='lat' dir='ltr'>paupertas“,</span> 
     </span>
     <span class='ocr_line' id='line_1_30' title="bbox 187 3245 1302 3324; baseline 0.003 -21"><span class='ocrx_word' id='word_1_231' title='bbox 187 3245 283 3320; x_wconf 90' lang='lat' dir='ltr'>primo</span> <span class='ocrx_word' id='word_1_232' title='bbox 307 3246 421 3323; x_wconf 84' lang='lat' dir='ltr'>elegiae</span> <span class='ocrx_word' id='word_1_233' title='bbox 444 3246 578 3320; x_wconf 88' lang='lat' dir='ltr'>disticho,</span> <span class='ocrx_word' id='word_1_234' title='bbox 603 3249 798 3324; x_wconf 89' lang='lat' dir='ltr'>posteriorem</span> <span class='ocrx_word' id='word_1_235' title='bbox 814 3249 897 3308; x_wconf 91' lang='lat' dir='ltr'>illam</span> <span class='ocrx_word' id='word_1_236' title='bbox 924 3249 1007 3323; x_wconf 87' lang='lat' dir='ltr'>„vita</span> <span class='ocrx_word' id='word_1_237' title='bbox 1030 3250 1170 3308; x_wconf 90' lang='lat' dir='ltr'>traducat</span> <span class='ocrx_word' id='word_1_238' title='bbox 1193 3247 1302 3307; x_wconf 87' lang='lat' dir='ltr'>inerti“</span> 
     </span>
     <span class='ocr_line' id='line_1_31' title="bbox 186 3335 1304 3414; baseline 0.002 -21"><span class='ocrx_word' id='word_1_239' title='bbox 186 3335 315 3394; x_wconf 87' lang='lat' dir='ltr'>secundo</span> <span class='ocrx_word' id='word_1_240' title='bbox 349 3335 515 3413; x_wconf 86' lang='lat' dir='ltr'>oppositam</span> <span class='ocrx_word' id='word_1_241' title='bbox 548 3357 611 3397; x_wconf 88' lang='lat' dir='ltr'>esse</span> <span class='ocrx_word' id='word_1_242' title='bbox 643 3343 786 3413; x_wconf 86' lang='lat' dir='ltr'>apparet,</span> <span class='ocrx_word' id='word_1_243' title='bbox 816 3337 930 3414; x_wconf 87' lang='lat' dir='ltr'>divitiis</span> <span class='ocrx_word' id='word_1_244' title='bbox 954 3359 1079 3413; x_wconf 88' lang='lat' dir='ltr'>parvam</span> <span class='ocrx_word' id='word_1_245' title='bbox 1102 3341 1208 3414; x_wconf 87' lang='lat' dir='ltr'>poetae</span> <span class='ocrx_word' id='word_1_246' title='bbox 1231 3357 1304 3411; x_wconf 89' lang='lat' dir='ltr'>rem,</span> 
     </span>
     <span class='ocr_line' id='line_1_32' title="bbox 184 3424 1305 3498; baseline 0.002 -14"><span class='ocrx_word' id='word_1_247' title='bbox 184 3424 256 3484; x_wconf 89' lang='lat' dir='ltr'>belli</span> <span class='ocrx_word' id='word_1_248' title='bbox 288 3424 442 3484; x_wconf 89' lang='lat' dir='ltr'>laboribus</span> <span class='ocrx_word' id='word_1_249' title='bbox 470 3426 602 3486; x_wconf 89' lang='lat' dir='ltr'>adsiduis</span> <span class='ocrx_word' id='word_1_250' title='bbox 635 3428 729 3487; x_wconf 85' lang='lat' dir='ltr'>vitam</span> <span class='ocrx_word' id='word_1_251' title='bbox 760 3428 895 3486; x_wconf 89' lang='lat' dir='ltr'>inertem.</span> <span class='ocrx_word' id='word_1_252' title='bbox 943 3427 1009 3498; x_wconf 85' lang='lat' dir='ltr'>Qua</span> <span class='ocrx_word' id='word_1_253' title='bbox 1040 3428 1075 3488; x_wconf 89' lang='lat' dir='ltr'>de</span> <span class='ocrx_word' id='word_1_254' title='bbox 1106 3445 1196 3487; x_wconf 86' lang='lat' dir='ltr'>causa</span> <span class='ocrx_word' id='word_1_255' title='bbox 1218 3446 1305 3486; x_wconf 91' lang='lat' dir='ltr'>nemo</span> 
     </span>
     <span class='ocr_line' id='line_1_33' title="bbox 184 3514 1305 3594; baseline 0.002 -22"><span class='ocrx_word' id='word_1_256' title='bbox 184 3514 237 3590; x_wconf 90' lang='lat' dir='ltr'>qui</span> <span class='ocrx_word' id='word_1_257' title='bbox 260 3515 337 3574; x_wconf 86' lang='lat' dir='ltr'>hanc</span> <span class='ocrx_word' id='word_1_258' title='bbox 361 3515 487 3592; x_wconf 84' lang='lat' dir='ltr'>elegiam</span> <span class='ocrx_word' id='word_1_259' title='bbox 510 3516 629 3594; x_wconf 85' lang='lat' dir='ltr'>integro</span> <span class='ocrx_word' id='word_1_260' title='bbox 653 3516 807 3592; x_wconf 90' lang='lat' dir='ltr'>liberoque</span> <span class='ocrx_word' id='word_1_261' title='bbox 830 3517 928 3576; x_wconf 89' lang='lat' dir='ltr'>animo</span> <span class='ocrx_word' id='word_1_262' title='bbox 951 3518 1042 3594; x_wconf 87' lang='lat' dir='ltr'>leget,</span> <span class='ocrx_word' id='word_1_263' title='bbox 1066 3516 1193 3576; x_wconf 88' lang='lat' dir='ltr'>inertem</span> <span class='ocrx_word' id='word_1_264' title='bbox 1215 3516 1305 3575; x_wconf 89' lang='lat' dir='ltr'>istam</span> 
     </span>
     <span class='ocr_line' id='line_1_34' title="bbox 185 3603 1305 3681; baseline 0.003 -20"><span class='ocrx_word' id='word_1_265' title='bbox 185 3603 281 3661; x_wconf 88' lang='lat' dir='ltr'>vitam</span> <span class='ocrx_word' id='word_1_266' title='bbox 296 3603 454 3681; x_wconf 85' lang='lat' dir='ltr'>ingloriam</span> <span class='ocrx_word' id='word_1_267' title='bbox 471 3607 563 3680; x_wconf 88' lang='lat' dir='ltr'>atque</span> <span class='ocrx_word' id='word_1_268' title='bbox 580 3606 737 3664; x_wconf 88' lang='lat' dir='ltr'>obscuram</span> <span class='ocrx_word' id='word_1_269' title='bbox 757 3606 948 3681; x_wconf 85' lang='lat' dir='ltr'>interpretari</span> <span class='ocrx_word' id='word_1_270' title='bbox 965 3606 1087 3681; x_wconf 88' lang='lat' dir='ltr'>poterit,</span> <span class='ocrx_word' id='word_1_271' title='bbox 1112 3607 1162 3666; x_wconf 90' lang='lat' dir='ltr'>sed</span> <span class='ocrx_word' id='word_1_272' title='bbox 1179 3605 1305 3665; x_wconf 89' lang='lat' dir='ltr'>otiosam</span> 
     </span>
     <span class='ocr_line' id='line_1_35' title="bbox 186 3693 946 3769; baseline 0.005 -21"><span class='ocrx_word' id='word_1_273' title='bbox 186 3693 305 3750; x_wconf 83' lang='lat' dir='ltr'>tantum</span> <span class='ocrx_word' id='word_1_274' title='bbox 328 3693 461 3769; x_wconf 88' lang='lat' dir='ltr'>bellique</span> <span class='ocrx_word' id='word_1_275' title='bbox 484 3693 666 3754; x_wconf 87' lang='lat' dir='ltr'>intineribus</span> <span class='ocrx_word' id='word_1_276' title='bbox 690 3695 786 3768; x_wconf 89' lang='lat' dir='ltr'>longis</span> <span class='ocrx_word' id='word_1_277' title='bbox 810 3714 946 3754; x_wconf 85' lang='lat' dir='ltr'>vacuam.</span> 
     </span>
    </p>
   </div>
   <div class='ocr_carea' id='block_1_8' title="bbox 183 3797 1305 4413">
    <p class='ocr_par' dir='ltr' id='par_1_8' title="bbox 183 3797 1305 4325">
     <span class='ocr_line' id='line_1_36' title="bbox 274 3797 1304 3877; baseline 0.006 -22"><span class='ocrx_word' id='word_1_278' title='bbox 274 3797 317 3856; x_wconf 82' lang='lat' dir='ltr'>At</span> <span class='ocrx_word' id='word_1_279' title='bbox 339 3799 449 3858; x_wconf 84' lang='lat' dir='ltr'>dixerit</span> <span class='ocrx_word' id='word_1_280' title='bbox 484 3801 551 3876; x_wconf 88' lang='lat' dir='ltr'>quis</span> <span class='ocrx_word' id='word_1_281' title='bbox 583 3820 685 3860; x_wconf 85' lang='lat' dir='ltr'>vocem</span> <span class='ocrx_word' id='word_1_282' title='bbox 718 3821 794 3877; x_wconf 90' lang='lat' dir='ltr'>quae</span> <span class='ocrx_word' id='word_1_283' title='bbox 822 3805 867 3860; x_wconf 86' lang='lat' dir='ltr'>est</span> <span class='ocrx_word' id='word_1_284' title='bbox 893 3802 1041 3877; x_wconf 87' lang='lat' dir='ltr'>„possim“</span> <span class='ocrx_word' id='word_1_285' title='bbox 1076 3801 1204 3860; x_wconf 85' lang='lat' dir='ltr'>maxime</span> <span class='ocrx_word' id='word_1_286' title='bbox 1237 3822 1304 3877; x_wconf 90' lang='lat' dir='ltr'>pre·</span> 
     </span>
     <span class='ocr_line' id='line_1_37' title="bbox 184 3885 1305 3968; baseline 0.005 -23"><span class='ocrx_word' id='word_1_287' title='bbox 184 3888 321 3946; x_wconf 90' lang='lat' dir='ltr'>mendam</span> <span class='ocrx_word' id='word_1_288' title='bbox 346 3893 376 3948; x_wconf 91' lang='lat' dir='ltr'>et</span> <span class='ocrx_word' id='word_1_289' title='bbox 399 3890 436 3948; x_wconf 91' lang='lat' dir='ltr'>de</span> <span class='ocrx_word' id='word_1_290' title='bbox 460 3889 604 3949; x_wconf 88' lang='lat' dir='ltr'>Messalae</span> <span class='ocrx_word' id='word_1_291' title='bbox 627 3891 823 3950; x_wconf 85' lang='lat' dir='ltr'>contubernio</span> <span class='ocrx_word' id='word_1_292' title='bbox 846 3885 908 3950; x_wconf 81' lang='lat' dir='ltr'>es&#39;se</span> <span class='ocrx_word' id='word_1_293' title='bbox 932 3891 1134 3968; x_wconf 85' lang='lat' dir='ltr'>cogitandum.</span> <span class='ocrx_word' id='word_1_294' title='bbox 1170 3889 1228 3950; x_wconf 89' lang='lat' dir='ltr'>Sed</span> <span class='ocrx_word' id='word_1_295' title='bbox 1249 3892 1305 3951; x_wconf 88' lang='lat' dir='ltr'>hoc</span> 
     </span>
     <span class='ocr_line' id='line_1_38' title="bbox 184 3976 1304 4056; baseline 0.004 -23"><span class='ocrx_word' id='word_1_296' title='bbox 184 3976 209 4034; x_wconf 90' lang='lat' dir='ltr'>si</span> <span class='ocrx_word' id='word_1_297' title='bbox 233 3976 395 4054; x_wconf 86' lang='lat' dir='ltr'>significari</span> <span class='ocrx_word' id='word_1_298' title='bbox 419 3979 564 4039; x_wconf 87' lang='lat' dir='ltr'>voluisset</span> <span class='ocrx_word' id='word_1_299' title='bbox 596 3983 694 4054; x_wconf 89' lang='lat' dir='ltr'>poeta,</span> <span class='ocrx_word' id='word_1_300' title='bbox 719 4000 777 4039; x_wconf 91' lang='lat' dir='ltr'>non</span> <span class='ocrx_word' id='word_1_301' title='bbox 805 3981 984 4054; x_wconf 88' lang='lat' dir='ltr'>,dummodo</span> <span class='ocrx_word' id='word_1_302' title='bbox 1007 3981 1150 4056; x_wconf 85' lang='lat' dir='ltr'>possim“,</span> <span class='ocrx_word' id='word_1_303' title='bbox 1183 3982 1233 4040; x_wconf 92' lang='lat' dir='ltr'>sed</span> <span class='ocrx_word' id='word_1_304' title='bbox 1260 3980 1304 4054; x_wconf 89' lang='lat' dir='ltr'>„si</span> 
     </span>
     <span class='ocr_line' id='line_1_39' title="bbox 183 4066 1303 4148; baseline 0.003 -25"><span class='ocrx_word' id='word_1_305' title='bbox 183 4066 291 4124; x_wconf 86' lang='lat' dir='ltr'>modo“</span> <span class='ocrx_word' id='word_1_306' title='bbox 317 4067 445 4128; x_wconf 89' lang='lat' dir='ltr'>scribere</span> <span class='ocrx_word' id='word_1_307' title='bbox 469 4087 585 4128; x_wconf 89' lang='lat' dir='ltr'>necesse</span> <span class='ocrx_word' id='word_1_308' title='bbox 607 4069 684 4139; x_wconf 90' lang='lat' dir='ltr'>fuit;</span> <span class='ocrx_word' id='word_1_309' title='bbox 715 4089 813 4144; x_wconf 90' lang='lat' dir='ltr'>neque</span> <span class='ocrx_word' id='word_1_310' title='bbox 843 4089 896 4144; x_wconf 92' lang='lat' dir='ltr'>per</span> <span class='ocrx_word' id='word_1_311' title='bbox 927 4089 956 4128; x_wconf 89' lang='lat' dir='ltr'>v.</span> <span class='ocrx_word' id='word_1_312' title='bbox 983 4075 1023 4134; x_wconf 80' lang='lat'>53</span> <span class='ocrx_word' id='word_1_313' title='bbox 1048 4075 1113 4148; x_wconf 85' lang='lat' dir='ltr'>sqq&#39;.</span> <span class='ocrx_word' id='word_1_314' title='bbox 1146 4070 1188 4130; x_wconf 88' lang='lat' dir='ltr'>sic</span> <span class='ocrx_word' id='word_1_315' title='bbox 1211 4070 1303 4128; x_wconf 89' lang='lat' dir='ltr'>inter-</span> 
     </span>
     <span class='ocr_line' id='line_1_40' title="bbox 183 4156 1302 4237; baseline 0.005 -24"><span class='ocrx_word' id='word_1_316' title='bbox 183 4156 296 4229; x_wconf 89' lang='lat' dir='ltr'>pretari</span> <span class='ocrx_word' id='word_1_317' title='bbox 320 4156 401 4220; x_wconf 84' lang='lat' dir='ltr'>licet.</span> <span class='ocrx_word' id='word_1_318' title='bbox 449 4157 617 4218; x_wconf 87' lang='lat' dir='ltr'>Reiciamus</span> <span class='ocrx_word' id='word_1_319' title='bbox 649 4159 746 4236; x_wconf 88' lang='lat' dir='ltr'>igitur</span> <span class='ocrx_word' id='word_1_320' title='bbox 768 4158 942 4218; x_wconf 87' lang='lat' dir='ltr'>Baehrensii</span> <span class='ocrx_word' id='word_1_321' title='bbox 965 4159 1160 4237; x_wconf 85' lang='lat' dir='ltr'>Richterique</span> <span class='ocrx_word' id='word_1_322' title='bbox 1188 4159 1302 4219; x_wconf 83' lang='lat' dir='ltr'>coniec-</span> 
     </span>
     <span class='ocr_line' id='line_1_41' title="bbox 183 4247 1187 4325; baseline 0.008 -23"><span class='ocrx_word' id='word_1_323' title='bbox 183 4247 284 4303; x_wconf 86' lang='lat' dir='ltr'>turam</span> <span class='ocrx_word' id='word_1_324' title='bbox 307 4248 413 4322; x_wconf 89' lang='lat' dir='ltr'>utpote</span> <span class='ocrx_word' id='word_1_325' title='bbox 438 4266 515 4322; x_wconf 89' lang='lat' dir='ltr'>quae</span> <span class='ocrx_word' id='word_1_326' title='bbox 538 4247 659 4306; x_wconf 89' lang='lat' dir='ltr'>minime</span> <span class='ocrx_word' id='word_1_327' title='bbox 683 4248 720 4306; x_wconf 89' lang='lat' dir='ltr'>ad</span> <span class='ocrx_word' id='word_1_328' title='bbox 744 4249 818 4308; x_wconf 88' lang='lat' dir='ltr'>hanc</span> <span class='ocrx_word' id='word_1_329' title='bbox 841 4249 1020 4308; x_wconf 89' lang='lat' dir='ltr'>sententiam</span> <span class='ocrx_word' id='word_1_330' title='bbox 1043 4249 1083 4308; x_wconf 89' lang='lat' dir='ltr'>sit</span> <span class='ocrx_word' id='word_1_331' title='bbox 1107 4251 1187 4325; x_wconf 88' lang='lat' dir='ltr'>apta.</span> 
     </span>
    </p>

    <p class='ocr_par' dir='ltr' id='par_1_9' title="bbox 273 4333 1302 4413">
     <span class='ocr_line' id='line_1_42' title="bbox 273 4333 1302 4413; baseline 0.005 -23"><span class='ocrx_word' id='word_1_332' title='bbox 273 4333 449 4394; x_wconf 81' lang='lat' dir='ltr'>Emendatio</span> <span class='ocrx_word' id='word_1_333' title='bbox 474 4356 544 4396; x_wconf 85' lang='lat' dir='ltr'>vero</span> <span class='ocrx_word' id='word_1_334' title='bbox 573 4356 607 4395; x_wconf 89' lang='lat' dir='ltr'>ea</span> <span class='ocrx_word' id='word_1_335' title='bbox 631 4357 721 4413; x_wconf 92' lang='lat' dir='ltr'>quam</span> <span class='ocrx_word' id='word_1_336' title='bbox 753 4337 904 4398; x_wconf 83' lang='lat' dir='ltr'>Lucienus</span> <span class='ocrx_word' id='word_1_337' title='bbox 928 4339 1054 4398; x_wconf 88' lang='lat' dir='ltr'>Mueller</span> <span class='ocrx_word' id='word_1_338' title='bbox 1078 4338 1182 4398; x_wconf 87' lang='lat' dir='ltr'>Haasii</span> <span class='ocrx_word' id='word_1_339' title='bbox 1205 4338 1302 4396; x_wconf 89' lang='lat' dir='ltr'>trans-</span> 
     </span>
    </p>
   </div>
   <div class='ocr_carea' id='block_1_9' title="bbox 0 0 1624 5006">
    <p class='ocr_par' dir='ltr' id='par_1_10' title="bbox 0 0 1624 5006">
     <span class='ocr_line' id='line_1_43' title="bbox 0 0 1624 5006; baseline 0 2"><span class='ocrx_word' id='word_1_340' title='bbox 0 0 1624 5006; x_wconf 95' lang='lat' dir='ltr'> </span> 
     </span>
    </p>
   </div>
  </div>
 </body>
</html>
