3240 5006
632 436 850 494 ..25-

178 609 348 686 potuerim3
381 608 472 668 immo
504 609 529 666 is
553 628 642 684 quem
674 608 738 684 ipse
768 610 975 683 perscrutatus
998 628 1080 677 sum,
1106 607 1299 678 Monacensis,

178 699 332 768 omnibus,
357 699 393 757 ut
423 716 516 772 supra
546 698 738 770 dictumest,
767 696 913 758 Italorum
945 695 1228 773 interpolationibus
1252 696 1301 755 vel

180 789 270 848 etiam
289 787 491 862 posteriorum
515 787 669 846 hominum
691 787 865 846 commentis
888 789 983 847 scatet
1007 806 1104 862 neque
1126 785 1190 845 ullo
1213 786 1301 844 modo

182 899 199 936 a
220 876 471 936 Lachmannianis
494 876 600 935 littera
623 875 644 935 O
668 876 780 935 notatis
803 876 903 936 differt
927 877 1117 936 auctoritate.

268 965 392 1025 Praeter
422 965 475 1024 hos
506 965 603 1042 igitur
635 964 749 1024 codices
779 965 859 1024 inter
888 984 989 1025 omnes
1021 966 1075 1040 qui
1108 964 1205 1024 adhuc
1229 966 1301 1023 sunt

181 1055 313 1124 excussi,
346 1054 451 1114 nullus
481 1053 539 1112 nisi
570 1073 650 1114 unus
682 1047 894 1114 Foroiuliensis
924 1052 1178 1128 Guarnsrianus¹)
1212 1072 1311 1128 quem,

179 1146 209 1204 J.
235 1143 272 1202 A.
297 1143 429 1219 Vulpius
453 1143 618 1202 Patavinus
641 1143 788 1219 excerpsit
820 1147 850 1203 11
878 1143 1019 1204 lectiones
1043 1144 1173 1220 potiores
1196 1141 1327 1218 primis,

180 1253 253 1294 suaa
278 1233 414 1292 editionis
439 1232 570 1308 (Patavii
596 1231 694 1314 1749)
718 1232 835 1310 paginis
859 1233 995 1303 inseruit,
1020 1253 1110 1292 unam
1135 1232 1301 1291 alteramve

181 1325 373 1396 lacunarum,
406 1321 442 1381 de
466 1321 576 1398 quibus
599 1341 690 1398 supra
713 1322 949 1398 disputavimuS,
978 1323 1123 1382 intactam
1145 1320 1314 1398 reliquisse¹

185 1412 312 1472 videtur.

270 1500 335 1560 lam
357 1500 412 1560 hac
435 1500 593 1572 domasa,
618 1500 699 1576 quod
722 1501 784 1562 fere
807 1501 898 1560 nullis
922 1501 1071 1560 Italorum
1093 1498 1301 1574 interpolatio·

180 1589 445 1665 nibus-inquinati
468 1592 539 1649 sunt
562 1609 579 1648 a
602 1590 700 1665 priore
723 1590 856 1664 libraria,
880 1589 1054 1650 Baehrensii
1070 1589 1183 1648 codices
1199 1585 1302 1647 AVG

179 1680 305 1756 plurimi
329 1681 402 1738 sunt
424 1679 600 1738 aestimandi
623 1677 931 1756 Lachmannianisque
954 1677 1195 1756 praeponendi2).

268 1770 312 1828 At
334 1769 460 1828 forsitan
484 1769 555 1828 libri
578 1767 760 1827 Lachmanni
784 1766 877 1827 ABO
901 1789 936 1828 ex
960 1769 1018 1828 alio
1035 1771 1126 1843 atque
1149 1767 1301 1827 Baehren-

180 1859 255 1918 siani
278 1859 361 1919 fonte
383 1858 514 1917 derivati
537 1858 614 1928 sint;
648 1859 715 1915 tum
744 1858 876 1933 profecto
900 1859 931 1916 in
954 1876 987 1916 re
1009 1857 1113 1916 critica
1136 1855 1302 1916 factitanda

181 1948 301 2008 minime
317 1949 470 2008 debebunt
491 1947 536 2005 illi
552 1947 681 2024 neglegi,
707 1948 843 2022 quamvis
859 1948 957 2006 multa
973 1950 1176 2006 correct-crum
1199 1965 1301 2004 recen-

181 2037 294 2096 tiorum
315 2038 346 2095 in
370 2038 411 2096 eis
436 2037 539 2096 extent
561 2035 698 2113 vestigia.
733 2036 860 2096 Proinde
884 2036 959 2095 hanc
984 2037 1020 2095 de
1043 2035 1179 2096 codicum
1203 2034 1301 2094 affini-

182 2129 246 2186 tate
270 2127 475 2202 quaestionem
499 2125 721 2203 aggrediamur.

448 2343 489 2400 11.
508 2342 551 2397 Dc
570 2341 719 2397 codlclbus
738 2306 902 2396 Baehrens}
920 2340 945 2395 l
963 2342 994 2396 11
1012 2340 1044 2397 V.

273 2472 393 2542 Codices
409 2471 642 2531 Ambrosianum
667 2473 697 2529 11
721 2470 903 2530 Vaticanum
926 2469 1146 2529 vetustissimos
1169 2471 1303 2551 omnium

185 2561 296 2621 Tibulli
321 2560 466 2619 librorum
488 2561 567 2620 inter
598 2575 629 2620 ss
652 2564 794 2638 cognatos
818 2579 896 2634 esse,
920 2559 981 2618 iam
1003 2559 1099 2634 primo
1123 2561 1235 2635 optutu
1257 2559 1303 2618 in-

185 2651 341 2728 tellegitur
370 2650 438 2709 inde
461 2649 541 2726 quod
577 2669 645 2709 cum
668 2650 771 2710 ¹ceteri
794 2649 907 2709 codices
931 2648 1050 2726 longius
1081 2649 1243 2724 propiusve
1266 2651 1303 2708 ab
1405 2727 1409 2734 Ι

184 2759 288 2799 eorum
311 2757 454 2799 consensu
482 2739 668 2814 discrepent,
701 2740 819 2798 eosdem
841 2740 988 2798 librorum
1010 2737 1117 2796 titulos
1142 2737 1303 2812 eademque

162 2830 371 2907 singularum
396 2828 568 2906 'elegiarum
598 2829 740 2890 lemmata
763 2831 892 2905 uterque
925 2827 1016 2887 codex
1040 2827 1168 2901 exhibet,
1193 2827 1304 2903 quibus

183 2919 283 2978 titulis
322 2918 384 2984 fere
417 2919 613 2978 rubricatoris
644 2918 765 2994 signum
796 2918 862 2980 R⁰⁰
892 2917 939 2976 vel
963 2908 1046 3009 ,Ecca
1080 2916 1215 2976 additum
1247 2919 1302 2976 111.

182 3006 373 3068 Lemmatum
402 3007 588 3068 differentiae
616 3026 709 3083 paene
740 3006 842 3065 nullae
865 3008 937 3065 sunt
960 3024 1058 3080 neque
1089 3008 1210 3066 exortae
1242 3025 1304 3066 1111

184 3097 341 3169 videntur,
373 3096 431 3156 nisi
461 3095 536 3154 falsa
563 3096 790 3155 enuntiatorum
823 3097 1022 3154 verborumve
1052 3095 1303 3170 interpunctione,

273 3306 300 3376 1)
320 3309 392 3364 viae
411 3309 513 3378 noym
533 3287 580 3364 ea
594 3310 681 3378 praef.
700 3328 747 3380 pg.
767 3308 872 3362 xxm:
891 3309 1007 3362 lacunas
1026 3310 1124 3362 conas
1142 3310 1206 3376 post
1223 3325 1249 3360 v.
1269 3306 1304 3370 11,

184 3380 209 3445 3,
230 3381 407 3446 1111113,
428 3381 461 3433 75
486 3381 516 3434 in
541 3380 755 3435 Baehrensianis
782 3382 910 3434 extantes
936 3379 979 3433 his
1005 3379 1169 3433 commentis
1188 3377 1305 3447 praebet

184 3452 323 3522 emtas:
418 3519 495 3592 ,Ipse
515 3522 551 3576 ad
569 3523 712 3576 umbrosas
731 3523 830 3577 ducere
849 3524 938 3578 fertur
956 3521 1057 3591 aquas‚“
1081 3524 1110 3576 et

365 3594 439 3659 ,Mos
458 3612 556 3666 precor
573 3593 622 3648 ille
640 3594 700 3649 redi
718 3595 860 3666 patienter
878 3612 971 3647 rursus
990 3597 1023 3648 ut
1041 3592 1131 3648 olim.“

185 3685 314 3740 Ceterum
324 3685 369 3738 hic
380 3701 490 3752 quoque
502 3685 589 3738 codex
599 3701 632 3737 ex
641 3682 751 3736 familia
770 3683 828 3736 AV
847 3683 959 3752 pendet,
979 3681 1074 3736 multis
1084 3684 1112 3735 et
1127 3679 1304 3734 librariorum

185 3755 323 3811 erroribus
342 3758 370 3810 et
389 3757 533 3810 doctorum
545 3755 690 3809 hominum
708 3753 972 3823 interpolationibus
991 3753 1163 3821 inquinatus,
1183 3752 1261 3806 velut
1279 3752 1300 3817 Ι,
1407 3785 1408 3790 =

185 3827 210 3890 3,
230 3827 280 3880 73:
298 3825 361 3880 Illic
380 3831 408 3882 et
426 3827 530 3892 iuveni,
549 3826 598 3891 ΙΠ,
618 3828 643 3892 6,
662 3825 712 3880 41:
731 3826 876 3894 minorque
896 3826 1022 3880 Catullus
1034 3825 1102 3878 :d.

275 3921 302 3990 2)
322 3924 439 3979 Versum
449 3925 497 3989 IV,
518 3925 541 3990 l,
561 3921 634 3990 nab,
654 3941 737 3992 quem
746 3923 946 3978 Baehrensiani
960 3922 1093 3977 exhibent
1102 3938 1205 3987 omnes,
1217 3921 1305 3975 Lach-

185 3995 330 4050 manniani
348 3999 460 4064 praeter
477 3997 503 4050 A
521 3999 550 4051 et
568 4014 583 4050 c
602 3995 769 4059 omiserunt;
790 3995 825 4048 de
843 3993 1011 4049 Eboracensi
1021 3993 1135 4062 quidem
1145 3992 1214 4047 certi
1232 3992 1304 4046 nihil

184 4072 307 4134 constat,
334 4067 382 4121 sed
405 4084 515 4122 versum
541 4068 571 4121 in
597 4084 628 4122 eo
656 4070 800 4121 exaratum
826 4066 910 4120 fuisse
929 4065 994 4118 inde
1013 4065 1088 4133 quod
1106 4064 1237 4118 Heinsius
1256 4063 1304 4116 ad·

185 4142 279 4194 notat:
311 4137 378 4204 ,112
404 4139 516 4193 saecula
539 4137 646 4192 famael
673 4140 767 4207 potest
792 4135 935 4191 concludi:
960 4136 990 4189 in
1013 4135 1185 4190 Wittianum
1210 4137 1304 4189 autem

184 4215 259 4267 certe
279 4228 312 4266 ex
330 4210 508 4280 interpolatis
527 4209 667 4265 codicibus
686 4209 783 4264 illatus
803 4211 853 4274 111,
873 4207 1006 4277 quoniam
1025 4208 1142 4262 eandem
1160 4207 1200 4261 ibi
1219 4209 1304 4280 atque

186 4282 216 4344 111
233 4281 432 4346 recentissimis.
451 4281 529 4344 libris
548 4282 635 4344 habet
652 4281 785 4343 formaruz
810 4280 935 4352 ,saecula
952 4277 1056 4340 viset
