3240 5006
795 409 1013 471 ..22-

337 585 424 645 ribus
447 584 589 644 disseruit
613 584 820 660 epistulasque
844 584 908 644 eius
932 605 958 643 a.
988 589 1073 648 1374
1096 584 1134 643 ad
1158 584 1267 644 amicos
1291 585 1327 644 de
1351 582 1468 642 Catulli

339 673 548 750 Propertiique
564 673 716 734 codicibus
732 673 790 733 sibi
806 673 1001 748 procurandis
1017 674 1103 733 datas
1119 673 1265 749 excerpsit
1276 672 1312 753 ¹).
1339 673 1467 730 Manum

340 762 546 823 correctricem
570 762 762 822 Ambrosiani
784 781 854 821 raro
877 763 909 821 iu
926 763 1102 823 universum
1117 766 1311 840 apparentem
1330 761 1469 838 quinque

339 853 446 912 saltem
476 851 624 912 decenniis
655 851 851 912 recentiorem
884 871 945 911 esse
969 851 1184 926 Baehrensius,
1217 855 1253 911 ut
1275 850 1355 910 infra
1378 850 1466 910 vide-

340 941 449 1013 bimus,
474 960 528 1001 suo
544 941 611 1001 iure
627 941 790 1014 contendit,
815 960 913 1017 neque
930 960 964 1000 ea
980 941 1111 1002 codicem
1126 943 1191 1001 ullo
1207 941 1294 1001 modo
1316 939 1465 1000 foedavit.

429 1055 572 1117 Alterum
595 1055 725 1122 codicem
749 1055 931 1115 Vaticanum
956 1056 998 1128 V,
1030 1056 1101 1115 olim
1130 1055 1233 1116 Fulvii
1256 1056 1375 1130 Ursini,
1399 1055 1468 1115 Gu-

341 1149 446 1206 stavus
468 1144 574 1205 Loewe
598 1147 629 1204 et
660 1145 822 1222 Augustus
853 1145 926 1204 Mau
958 1146 1076 1206 saeculo
1100 1145 1173 1203 XIV
1203 1149 1331 1205 exeunte
1362 1145 1468 1221 potius

341 1254 430 1311 quam
461 1235 585 1294 ineunte
608 1233 665 1291 XV
696 1236 851 1294 exaratum
882 1253 945 1294 esse
978 1236 1140 1295 testantur.
1188 1234 1252 1305 Quo
1276 1238 1410 1310 tempore
1435 1236 1469 1294 et

341 1323 452 1400 quibus
475 1323 613 1382 manibus
636 1322 685 1382 hic
708 1323 748 1382 sit
772 1327 934 1395 correctus,
958 1323 1034 1382 nihil
1058 1324 1095 1382 ad
1119 1323 1227 1383 codicis
1251 1324 1466 1383 auctoritatem

340 1413 562 1488 ponderandam
584 1411 727 1484 interest,
752 1413 942 1487 cumprime
966 1415 1090 1488 aspectu
1113 1415 1273 1488 appareat,
1298 1413 1467 1489 complures

340 1501 434 1560 Italos
456 1501 686 1576 interpolatores
709 1504 813 1576 postea
836 1501 900 1562 sive
924 1521 958 1560 ex
983 1502 1049 1560 aliis
1071 1501 1156 1562 libris
1179 1501 1343 1562 lectionum
1366 1503 1465 1562 varie-

341 1593 430 1666 tates,
454 1591 518 1651 sive
541 1609 596 1650 sua
618 1590 754 1665 ipsorum
778 1591 947 1650 commenta
970 1588 1201 1666 adscripsisse2).

430 1705 567 1781 Denique
591 1704 864 1782 Guelferbytanum
887 1705 914 1765 G
937 1705 1138 1766 Baehrensius
1170 1705 1248 1765 circa
1283 1725 1310 1763 a.
1338 1709 1423 1772 1425
1449 1727 1465 1768 e

342 1794 441 1856 codice
471 1794 634 1855 saeculiX
666 1796 715 1854 vel
736 1795 780 1854 XI
812 1796 996 1872 descriptum
1027 1813 1090 1856 esse
1121 1815 1156 1854 ex
1180 1795 1348 1870 scripturae
1371 1815 1464 1856 mem·

341 1885 565 1961 brenarumque
596 1884 713 1945 ratione
744 1885 801 1946 sibi
833 1883 1025 1961 persuasit⁸).
1072 1883 1201 1960 Aliquot
1223 1883 1373 1944 decenniis
1395 1889 1464 1961 post

342 1978 397 2034 aut
412 1974 559 2033 Jovianus
574 1973 730 2034 Pontanus
751 1975 824 2050 ipse,
848 1975 900 2051 qui
925 1974 972 2034 vir
994 1975 1101 2033 doctus
1125 1994 1152 2032 a.
1173 1978 1256 2038 1426
1282 1976 1347 2032 erat
1362 1976 1462 2048 natus,

343 2067 398 2122 aut
420 2063 534 2123 amicus
558 2064 680 2139 quidam
705 2064 768 2123 eius
783 2063 1050 2138 interpretamenta
1076 2057 1409 2138 emendatiunculasque
1433 2067 1463 2123 et

344 2152 375 2210 in
398 2154 486 2212 textu
510 2171 602 2228 supra
618 2151 709 2210 lineas
734 2154 764 2210 et
786 2153 817 2210 in
840 2153 975 2230 margine
999 2151 1164 2224 adnotavit,
1188 2151 1261 2228 quin
1285 2152 1374 2212 etiam
1395 2151 1457 2225 pri·

344 2241 432 2300 stinis
454 2241 635 2301 lectionibus
659 2241 750 2300 erasis
773 2259 865 2300 novas
889 2241 1000 2317 partim
1023 2242 1059 2300 de
1082 2259 1136 2301 suo
1160 2241 1270 2317 petitas
1294 2239 1398 2316 partim
1422 2257 1456 2296 ex

343 2329 468 2390 alterius
491 2330 623 2390 familiae
646 2330 744 2390 codice
768 2330 899 2405 quodam
922 2330 954 2388 in
981 2331 1080 2406 ipsum
1103 2333 1264 2390 verborum
1289 2331 1460 2390 contextum

342 2419 481 2494 inseruit,
506 2440 585 2495 quae
608 2422 709 2479 tamen
733 2437 833 2479 omnes
856 2417 943 2480 facile
966 2419 1173 2480 dinoscuntur.

431 2534 495 2596 Hos
518 2533 680 2594 Baehrensi
705 2534 819 2594 codices
844 2553 913 2594 oum
937 2537 1149 2606 onerarentur,
1173 2535 1320 2594 Italorum
1344 2531 1465 2593 temeri·

342 2627 437 2685 tatem
466 2623 721 2700 interpolatricem
754 2624 886 2683 nondum
910 2628 1046 2700 expertos
1070 2642 1142 2695 esse,
1166 2624 1235 2684 inde
1258 2624 1370 2699 optime
1393 2640 1465 2699 cog·

343 2714 487 2787 noscitur,
512 2713 592 2790 quod
616 2711 643 2771 ei
666 2712 722 2771 soli
746 2731 781 2772 ex
810 2714 896 2772 tento
929 2713 1064 2773 codicum
1088 2732 1223 2785 numero,
1248 2713 1302 2789 qui
1325 2712 1423 2772 adhuc
1446 2731 1465 2770 a

343 2803 416 2862 viris
440 2802 534 2862 doctis
558 2801 674 2861 excussi
697 2803 786 2872 sunt,
819 2820 868 2860 eas
890 2803 1012 2862 lacunas
1045 2821 1123 2877 quae
1150 2802 1181 2860 in
1203 2801 1388 2862 Lachmanni
1416 2819 1465 2860 oo-

344 2891 460 2952 dicibus
491 2891 549 2950 alio
580 2890 646 2950 aliis
677 2891 814 2950 versibus
838 2891 954 2951 ficticiis
978 2893 1051 2950 sunt
1075 2892 1218 2968 expletae,
1242 2891 1372 2952 intactas
1395 2908 1466 2966 pro-

345 2983 506 3059 pagarunt.

433 3095 508 3155 Oum
532 3096 664 3155 enimin
687 3096 786 3156 codice
809 3097 970 3172 archetypo
994 3098 1062 3172 post
1077 3114 1198 3156 versmn
1220 3097 1245 3172 I,
1271 3104 1300 3168 2,
1326 3099 1367 3160 25
1390 3113 1465 3170 pen·

344 3188 472 3246 tometer
488 3185 640 3259 exciderit,
664 3185 860 3245 Eboraoensis
882 3185 1110 3260 suppositicium
1131 3205 1252 3246 versum
1275 3188 1311 3247 ab
1328 3185 1467 3244 Johaune

346 3275 478 3350 Aurispa
508 3275 706 3350 compositum
741 3275 784 3352 (id
807 3275 888 3350 quod
918 3275 1009 3335 codex
1026 3274 1196 3336 Vaticanus
1225 3275 1468 3340 eructatum

437 3519 463 3588 1)
482 3521 524 3577 De
543 3521 653 3576 Oolutio
666 3520 806 3590 (Coluccio
825 3524 854 3578 di
866 3523 947 3579 Piero
957 3519 998 3579 de'
1010 3522 1144 3591 Salutati)
1154 3524 1199 3578 vd.
1210 3541 1321 3592 quoque
1330 3524 1362 3580 G.
1370 3524 1466 3594 Voigt,

345 3595 398 3650 Die
415 3593 660 3664 wiederbelebung
685 3595 733 3650 des
753 3595 921 3650 classisohen
946 3596 1113 3652 alterthums
1141 3596 1207 3650 oder
1232 3596 1281 3650 das
1301 3600 1374 3651 erate
1389 3597 1467 3666 jain*

346 3666 468 3720 hundert
487 3665 534 3719 des
553 3665 745 3720 humanismus
763 3665 795 3732 1²,
815 3685 861 3737 pg.
883 3665 934 3720 194
952 3685 1013 3736 sqq.

435 3778 463 3848 2)
483 3780 583 3836 Confer
600 3782 752 3837 Baehrensi
771 3783 813 3838 ed.
834 3782 894 3839 Tib.
914 3785 983 3854 prol.
1002 3803 1050 3856 pg.
1069 3784 1131 3838 VH.

436 3894 465 3964 3)
485 3897 585 3953 Confer
611 3898 763 3952 Baehrensi
792 3899 861 3968 prol.
889 3917 936 3969 pg.
955 3899 990 3953 X.
1032 3898 1074 3953 De
1101 3897 1301 3953 recentioribus
1326 3897 1467 3953 codicibus

347 3969 450 4024 litteris
469 3969 675 4039 langobardicis
695 3970 816 4024 exaratis
834 3970 899 4025 vide
917 3987 989 4038 quae
1008 3969 1146 4039 (invoigt,
1165 3970 1183 4023 l.
1203 3987 1225 4024 e.
1241 3965 1266 4023 ΙΙ
1284 3988 1332 4040 pg.
1343 3969 1394 4023 401
1406 3986 1467 4038 sqq.

348 4041 383 4096 de
402 4040 503 4111 Poggii
528 4044 556 4096 et
574 4041 668 4096 Nicoli
696 4041 814 4106 ,litteris
834 4041 973 4111 antiquis“
995 4041 1133 4096 disseruit.
1170 4041 1260 4096 Erunt
1282 4041 1400 4096 fortasse
1419 4040 1468 4108 qui

349 4129 383 4167 ex
400 4113 499 4167 horum
523 4111 645 4168 virorum
668 4113 813 4168 doctorum
832 4114 943 4168 officina
966 4116 999 4167 ut
1024 4113 1066 4168 ita
1085 4112 1190 4178 dicam,
1210 4113 1333 4168 codicem
1352 4111 1377 4167 G
1395 4111 1468 4166 arbi·

347 4187 459 4239 trentur
476 4183 640 4253 profectum,
660 4183 760 4254 quibus
778 4202 814 4240 ne
833 4185 1026 4252 assentiamur,
1046 4183 1153 4241 lacunis
1172 4183 1212 4243 cis
1231 4184 1265 4239 de
1284 4183 1385 4256 quibus
1403 4199 1468 4245 mor

349 4254 563 4327 disputabimus,
581 4255 757 4329 impedimur.
