<?xml version="1.0" encoding="UTF-8"?>
<!DOCTYPE html PUBLIC "-//W3C//DTD XHTML 1.0 Transitional//EN"
    "http://www.w3.org/TR/xhtml1/DTD/xhtml1-transitional.dtd">
<html xmlns="http://www.w3.org/1999/xhtml" xml:lang="en" lang="en">
 <head>
  <title>
</title>
<meta http-equiv="Content-Type" content="text/html;charset=utf-8" />
  <meta name='ocr-system' content='tesseract 3.04.00' />
  <meta name='ocr-capabilities' content='ocr_page ocr_carea ocr_par ocr_line ocrx_word'/>
</head>
<body>
  <div class='ocr_page' id='page_1' title='image "./decodicibustibu02leongoog_0037.png"; bbox 0 0 3240 5006; ppageno 0'>
   <div class='ocr_carea' id='block_1_1' title="bbox 779 407 996 466">
    <p class='ocr_par' dir='ltr' id='par_1_1' title="bbox 779 407 996 466">
     <span class='ocr_line' id='line_1_1' title="bbox 779 407 996 466; baseline 0 -20"><span class='ocrx_word' id='word_1_1' title='bbox 779 407 996 466; x_wconf 66' lang='lat'><strong><em>„26-</em></strong></span> 
     </span>
    </p>
   </div>
   <div class='ocr_carea' id='block_1_2' title="bbox 326 577 1453 4136">
    <p class='ocr_par' dir='ltr' id='par_1_2' title="bbox 326 577 1453 2156">
     <span class='ocr_line' id='line_1_2' title="bbox 327 577 1452 658; baseline 0.001 -22"><span class='ocrx_word' id='word_1_2' title='bbox 327 577 441 638; x_wconf 88' lang='lat' dir='ltr'>mendis</span> <span class='ocrx_word' id='word_1_3' title='bbox 472 577 606 638; x_wconf 88' lang='lat' dir='ltr'>levitatis</span> <span class='ocrx_word' id='word_1_4' title='bbox 639 579 687 638; x_wconf 84' lang='lat' dir='ltr'>vel</span> <span class='ocrx_word' id='word_1_5' title='bbox 714 579 901 658; x_wconf 86' lang='lat' dir='ltr'>ignorantiae</span> <span class='ocrx_word' id='word_1_6' title='bbox 924 579 1133 653; x_wconf 80' lang='lat' dir='ltr'>librariorum,</span> <span class='ocrx_word' id='word_1_7' title='bbox 1165 582 1325 640; x_wconf 87' lang='lat' dir='ltr'>verborum</span> <span class='ocrx_word' id='word_1_8' title='bbox 1348 581 1452 637; x_wconf 87' lang='lat' dir='ltr'>trans·</span> 
     </span>
     <span class='ocr_line' id='line_1_3' title="bbox 326 667 1453 746; baseline 0 -20"><span class='ocrx_word' id='word_1_9' title='bbox 326 667 535 743; x_wconf 87' lang='lat' dir='ltr'>positionibus,</span> <span class='ocrx_word' id='word_1_10' title='bbox 560 667 730 728; x_wconf 75' lang='lat' dir='ltr'><strong>diversitati</strong></span> <span class='ocrx_word' id='word_1_11' title='bbox 759 667 1006 746; x_wconf 78' lang='lat' dir='ltr'>orthographiae,</span> <span class='ocrx_word' id='word_1_12' title='bbox 1034 669 1187 729; x_wconf 87' lang='lat' dir='ltr'>vocabulis</span> <span class='ocrx_word' id='word_1_13' title='bbox 1209 669 1338 744; x_wconf 84' lang='lat' dir='ltr'>deniquo</span> <span class='ocrx_word' id='word_1_14' title='bbox 1361 687 1453 743; x_wconf 88' lang='lat' dir='ltr'>prae·</span> 
     </span>
     <span class='ocr_line' id='line_1_4' title="bbox 326 755 1452 835; baseline -0.002 -19"><span class='ocrx_word' id='word_1_15' title='bbox 326 755 470 816; x_wconf 88' lang='lat' dir='ltr'>termissis</span> <span class='ocrx_word' id='word_1_16' title='bbox 486 757 533 816; x_wconf 84' lang='lat' dir='ltr'>vel</span> <span class='ocrx_word' id='word_1_17' title='bbox 550 775 619 817; x_wconf 91' lang='lat' dir='ltr'>cum</span> <span class='ocrx_word' id='word_1_18' title='bbox 635 757 785 818; x_wconf 81' lang='lat' dir='ltr'>similibus</span> <span class='ocrx_word' id='word_1_19' title='bbox 808 757 1010 818; x_wconf 88' lang='lat' dir='ltr'>commutatis.</span> <span class='ocrx_word' id='word_1_20' title='bbox 1045 756 1181 834; x_wconf 76' lang='lat' dir='ltr'>Exempli</span> <span class='ocrx_word' id='word_1_21' title='bbox 1204 759 1304 835; x_wconf 85' lang='lat' dir='ltr'>gratia</span> <span class='ocrx_word' id='word_1_22' title='bbox 1327 757 1452 815; x_wconf 84' lang='lat' dir='ltr'>afferam</span> 
     </span>
     <span class='ocr_line' id='line_1_5' title="bbox 327 843 1452 926; baseline -0.001 -22"><span class='ocrx_word' id='word_1_23' title='bbox 327 845 395 905; x_wconf 88' lang='lat' dir='ltr'>has:</span> <span class='ocrx_word' id='word_1_24' title='bbox 416 843 441 920; x_wconf 91' lang='lat'>1,</span> <span class='ocrx_word' id='word_1_25' title='bbox 460 849 493 910; x_wconf 86' lang='lat'>3:</span> <span class='ocrx_word' id='word_1_26' title='bbox 510 843 552 905; x_wconf 90' lang='lat' dir='ltr'>A:</span> <span class='ocrx_word' id='word_1_27' title='bbox 566 847 614 923; x_wconf 88' lang='lat' dir='ltr'>ogi</span> <span class='ocrx_word' id='word_1_28' title='bbox 630 847 832 923; x_wconf 83' lang='lat' dir='ltr'>utet-elysios,</span> <span class='ocrx_word' id='word_1_29' title='bbox 848 846 892 905; x_wconf 88' lang='lat' dir='ltr'>V:</span> <span class='ocrx_word' id='word_1_30' title='bbox 917 847 1143 926; x_wconf 70' lang='lat' dir='ltr'>:gretei-alpos.</span> <span class='ocrx_word' id='word_1_31' title='bbox 1165 846 1206 918; x_wconf 88' lang='lat' dir='ltr'>H,</span> <span class='ocrx_word' id='word_1_32' title='bbox 1222 852 1256 910; x_wconf 88' lang='lat'>4:</span> <span class='ocrx_word' id='word_1_33' title='bbox 1277 848 1319 905; x_wconf 97' lang='lat' dir='ltr'>A:</span> <span class='ocrx_word' id='word_1_34' title='bbox 1337 845 1452 921; x_wconf 89' lang='lat' dir='ltr'>pretia,</span> 
     </span>
     <span class='ocr_line' id='line_1_6' title="bbox 327 933 1453 1012; baseline 0 -20"><span class='ocrx_word' id='word_1_35' title='bbox 327 933 369 993; x_wconf 89' lang='lat' dir='ltr'>V:</span> <span class='ocrx_word' id='word_1_36' title='bbox 386 953 519 995; x_wconf 87' lang='lat' dir='ltr'>munero.</span> <span class='ocrx_word' id='word_1_37' title='bbox 537 933 578 1007; x_wconf 91' lang='grc' dir='ltr'>ΙΙ,</span> <span class='ocrx_word' id='word_1_38' title='bbox 597 939 634 1000; x_wconf 81' lang='lat'>6:</span> <span class='ocrx_word' id='word_1_39' title='bbox 652 935 694 996; x_wconf 87' lang='lat' dir='ltr'>A:</span> <span class='ocrx_word' id='word_1_40' title='bbox 713 941 788 1009; x_wconf 88' lang='lat' dir='ltr'>eret,</span> <span class='ocrx_word' id='word_1_41' title='bbox 812 937 858 998; x_wconf 92' lang='lat' dir='ltr'>V:</span> <span class='ocrx_word' id='word_1_42' title='bbox 876 938 975 1008; x_wconf 87' lang='lat' dir='ltr'>crsat;</span> <span class='ocrx_word' id='word_1_43' title='bbox 999 936 1031 995; x_wconf 88' lang='lat' dir='ltr'>in</span> <span class='ocrx_word' id='word_1_44' title='bbox 1047 935 1118 996; x_wconf 88' lang='lat' dir='ltr'>libri</span> <span class='ocrx_word' id='word_1_45' title='bbox 1133 935 1165 994; x_wconf 93' lang='lat' dir='ltr'>Il</span> <span class='ocrx_word' id='word_1_46' title='bbox 1181 937 1319 996; x_wconf 86' lang='lat' dir='ltr'>lemmate</span> <span class='ocrx_word' id='word_1_47' title='bbox 1334 935 1453 1012; x_wconf 86' lang='lat' dir='ltr'>elegiae</span> 
     </span>
     <span class='ocr_line' id='line_1_7' title="bbox 327 1022 1451 1102; baseline -0.001 -18"><span class='ocrx_word' id='word_1_48' title='bbox 327 1023 451 1084; x_wconf 88' lang='lat' dir='ltr'>ulterius</span> <span class='ocrx_word' id='word_1_49' title='bbox 467 1022 494 1081; x_wconf 89' lang='lat' dir='ltr'>V</span> <span class='ocrx_word' id='word_1_50' title='bbox 510 1023 619 1085; x_wconf 88' lang='lat' dir='ltr'>codicis</span> <span class='ocrx_word' id='word_1_51' title='bbox 641 1025 783 1086; x_wconf 88' lang='lat' dir='ltr'>librarius</span> <span class='ocrx_word' id='word_1_52' title='bbox 807 1026 962 1102; x_wconf 77' lang='lat' dir='ltr'>archetypi</span> <span class='ocrx_word' id='word_1_53' title='bbox 985 1025 1143 1086; x_wconf 88' lang='lat' dir='ltr'>lectionem</span> <span class='ocrx_word' id='word_1_54' title='bbox 1166 1045 1243 1102; x_wconf 89' lang='lat' dir='ltr'>quae</span> <span class='ocrx_word' id='word_1_55' title='bbox 1266 1027 1330 1086; x_wconf 88' lang='lat' dir='ltr'>erat</span> <span class='ocrx_word' id='word_1_56' title='bbox 1357 1023 1451 1098; x_wconf 83' lang='lat' dir='ltr'>,Gor-</span> 
     </span>
     <span class='ocr_line' id='line_1_8' title="bbox 326 1112 1447 1191; baseline 0.001 -20"><span class='ocrx_word' id='word_1_57' title='bbox 326 1115 455 1172; x_wconf 81' lang='lat' dir='ltr'>nutum“</span> <span class='ocrx_word' id='word_1_58' title='bbox 482 1112 558 1172; x_wconf 87' lang='lat' dir='ltr'>falso</span> <span class='ocrx_word' id='word_1_59' title='bbox 572 1114 605 1172; x_wconf 93' lang='lat' dir='ltr'>in</span> <span class='ocrx_word' id='word_1_60' title='bbox 623 1113 854 1191; x_wconf 79' lang='lat' dir='ltr'>,chorinthum“</span> <span class='ocrx_word' id='word_1_61' title='bbox 881 1115 1079 1175; x_wconf 83' lang='lat' dir='ltr'>commutarit</span> <span class='ocrx_word' id='word_1_62' title='bbox 1101 1133 1185 1174; x_wconf 87' lang='lat' dir='ltr'>mera</span> <span class='ocrx_word' id='word_1_63' title='bbox 1204 1113 1447 1190; x_wconf 77' lang='lat' dir='ltr'>interpolatione,</span> 
     </span>
     <span class='ocr_line' id='line_1_9' title="bbox 327 1202 1451 1282; baseline -0.001 -21"><span class='ocrx_word' id='word_1_64' title='bbox 327 1219 388 1279; x_wconf 90' lang='lat' dir='ltr'>qua</span> <span class='ocrx_word' id='word_1_65' title='bbox 411 1202 502 1262; x_wconf 90' lang='lat' dir='ltr'>etiam</span> <span class='ocrx_word' id='word_1_66' title='bbox 526 1203 640 1282; x_wconf 85' lang='lat' dir='ltr'>elegiae</span> <span class='ocrx_word' id='word_1_67' title='bbox 662 1223 756 1265; x_wconf 92' lang='lat' dir='ltr'>nonae</span> <span class='ocrx_word' id='word_1_68' title='bbox 778 1204 849 1264; x_wconf 87' lang='lat' dir='ltr'>libri</span> <span class='ocrx_word' id='word_1_69' title='bbox 860 1202 905 1262; x_wconf 94' lang='lat' dir='ltr'>IV</span> <span class='ocrx_word' id='word_1_70' title='bbox 928 1207 1160 1282; x_wconf 82' lang='lat' dir='ltr'>argumentum:</span> <span class='ocrx_word' id='word_1_71' title='bbox 1188 1203 1255 1278; x_wconf 86' lang='lat' dir='ltr'>,Ad</span> <span class='ocrx_word' id='word_1_72' title='bbox 1279 1203 1451 1264; x_wconf 73' lang='lat' dir='ltr'>Thoratum</span> 
     </span>
     <span class='ocr_line' id='line_1_10' title="bbox 327 1291 1450 1370; baseline -0.002 -19"><span class='ocrx_word' id='word_1_73' title='bbox 327 1291 363 1351; x_wconf 93' lang='lat' dir='ltr'>de</span> <span class='ocrx_word' id='word_1_74' title='bbox 385 1291 480 1352; x_wconf 88' lang='lat' dir='ltr'>natali</span> <span class='ocrx_word' id='word_1_75' title='bbox 503 1291 570 1351; x_wconf 88' lang='lat' dir='ltr'>die“</span> <span class='ocrx_word' id='word_1_76' title='bbox 598 1291 625 1352; x_wconf 90' lang='lat' dir='ltr'>A</span> <span class='ocrx_word' id='word_1_77' title='bbox 650 1297 680 1354; x_wconf 91' lang='lat' dir='ltr'>et</span> <span class='ocrx_word' id='word_1_78' title='bbox 705 1293 773 1370; x_wconf 91' lang='lat' dir='ltr'>,Ad</span> <span class='ocrx_word' id='word_1_79' title='bbox 795 1293 989 1352; x_wconf 83' lang='lat' dir='ltr'>theoratum“</span> <span class='ocrx_word' id='word_1_80' title='bbox 1016 1293 1044 1349; x_wconf 99' lang='lat' dir='ltr'>V</span> <span class='ocrx_word' id='word_1_81' title='bbox 1068 1297 1206 1352; x_wconf 81' lang='lat' dir='ltr'>exortum</span> <span class='ocrx_word' id='word_1_82' title='bbox 1236 1312 1299 1352; x_wconf 87' lang='lat' dir='ltr'>esse</span> <span class='ocrx_word' id='word_1_83' title='bbox 1322 1291 1386 1351; x_wconf 85' lang='lat' dir='ltr'>veri</span> <span class='ocrx_word' id='word_1_84' title='bbox 1408 1291 1450 1350; x_wconf 91' lang='lat' dir='ltr'>si-</span> 
     </span>
     <span class='ocr_line' id='line_1_11' title="bbox 326 1379 1450 1454; baseline 0.002 -16"><span class='ocrx_word' id='word_1_85' title='bbox 326 1379 486 1440; x_wconf 90' lang='lat' dir='ltr'>millimum</span> <span class='ocrx_word' id='word_1_86' title='bbox 509 1384 573 1454; x_wconf 87' lang='lat' dir='ltr'>est,</span> <span class='ocrx_word' id='word_1_87' title='bbox 607 1400 675 1443; x_wconf 91' lang='lat' dir='ltr'>cum</span> <span class='ocrx_word' id='word_1_88' title='bbox 699 1401 806 1442; x_wconf 92' lang='lat' dir='ltr'>nomen</span> <span class='ocrx_word' id='word_1_89' title='bbox 828 1381 907 1444; x_wconf 89' lang='lat' dir='ltr'>illud</span> <span class='ocrx_word' id='word_1_90' title='bbox 930 1401 965 1442; x_wconf 82' lang='lat' dir='ltr'>ex</span> <span class='ocrx_word' id='word_1_91' title='bbox 988 1381 1152 1441; x_wconf 77' lang='lat' dir='ltr'>Chorintho</span> <span class='ocrx_word' id='word_1_92' title='bbox 1182 1381 1213 1440; x_wconf 90' lang='lat' dir='ltr'>id</span> <span class='ocrx_word' id='word_1_93' title='bbox 1237 1385 1282 1441; x_wconf 90' lang='lat' dir='ltr'>est</span> <span class='ocrx_word' id='word_1_94' title='bbox 1306 1380 1450 1440; x_wconf 76' lang='lat' dir='ltr'>Cerintho</span> 
     </span>
     <span class='ocr_line' id='line_1_12' title="bbox 327 1469 1451 1548; baseline -0.001 -19"><span class='ocrx_word' id='word_1_95' title='bbox 327 1470 554 1546; x_wconf 75' lang='lat' dir='ltr'>depravaretur.</span> <span class='ocrx_word' id='word_1_96' title='bbox 601 1471 761 1531; x_wconf 89' lang='lat' dir='ltr'>Praeterea</span> <span class='ocrx_word' id='word_1_97' title='bbox 790 1471 822 1530; x_wconf 87' lang='lat' dir='ltr'>in</span> <span class='ocrx_word' id='word_1_98' title='bbox 850 1474 982 1548; x_wconf 89' lang='lat' dir='ltr'>utroque</span> <span class='ocrx_word' id='word_1_99' title='bbox 1004 1471 1081 1530; x_wconf 88' lang='lat' dir='ltr'>libro</span> <span class='ocrx_word' id='word_1_100' title='bbox 1105 1470 1133 1529; x_wconf 88' lang='lat' dir='ltr'>A</span> <span class='ocrx_word' id='word_1_101' title='bbox 1156 1473 1187 1529; x_wconf 94' lang='lat' dir='ltr'>et</span> <span class='ocrx_word' id='word_1_102' title='bbox 1209 1470 1238 1526; x_wconf 89' lang='lat' dir='ltr'><strong>V</strong></span> <span class='ocrx_word' id='word_1_103' title='bbox 1262 1469 1365 1548; x_wconf 87' lang='lat' dir='ltr'>elegiis</span> <span class='ocrx_word' id='word_1_104' title='bbox 1388 1470 1451 1529; x_wconf 90' lang='lat' dir='ltr'>sin·</span> 
     </span>
     <span class='ocr_line' id='line_1_13' title="bbox 327 1557 1451 1638; baseline 0 -20"><span class='ocrx_word' id='word_1_105' title='bbox 327 1557 407 1638; x_wconf 90' lang='lat' dir='ltr'>gulis</span> <span class='ocrx_word' id='word_1_106' title='bbox 430 1559 548 1620; x_wconf 86' lang='lat' dir='ltr'>numeri</span> <span class='ocrx_word' id='word_1_107' title='bbox 570 1577 628 1618; x_wconf 92' lang='lat' dir='ltr'>non</span> <span class='ocrx_word' id='word_1_108' title='bbox 652 1564 725 1620; x_wconf 90' lang='lat' dir='ltr'>sunt</span> <span class='ocrx_word' id='word_1_109' title='bbox 748 1561 920 1637; x_wconf 86' lang='lat' dir='ltr'>praepositi,</span> <span class='ocrx_word' id='word_1_110' title='bbox 944 1560 1111 1620; x_wconf 79' lang='lat' dir='ltr'>carminum</span> <span class='ocrx_word' id='word_1_111' title='bbox 1134 1559 1255 1619; x_wconf 91' lang='lat' dir='ltr'>libellus</span> <span class='ocrx_word' id='word_1_112' title='bbox 1279 1562 1407 1635; x_wconf 90' lang='lat' dir='ltr'>quartus</span> <span class='ocrx_word' id='word_1_113' title='bbox 1433 1579 1451 1618; x_wconf 91' lang='lat' dir='ltr'>a</span> 
     </span>
     <span class='ocr_line' id='line_1_14' title="bbox 327 1648 1450 1727; baseline -0.001 -18"><span class='ocrx_word' id='word_1_114' title='bbox 327 1649 418 1709; x_wconf 87' lang='lat' dir='ltr'>tertio</span> <span class='ocrx_word' id='word_1_115' title='bbox 440 1648 525 1708; x_wconf 90' lang='lat' dir='ltr'>nulla</span> <span class='ocrx_word' id='word_1_116' title='bbox 548 1650 621 1708; x_wconf 89' lang='lat' dir='ltr'>nota</span> <span class='ocrx_word' id='word_1_117' title='bbox 643 1649 809 1722; x_wconf 88' lang='lat' dir='ltr'>dividitur,</span> <span class='ocrx_word' id='word_1_118' title='bbox 834 1653 902 1727; x_wconf 92' lang='lat' dir='ltr'>post</span> <span class='ocrx_word' id='word_1_119' title='bbox 925 1668 1046 1708; x_wconf 87' lang='lat' dir='ltr'>versum</span> <span class='ocrx_word' id='word_1_120' title='bbox 1069 1648 1127 1720; x_wconf 91' lang='lat' dir='ltr'>Ill,</span> <span class='ocrx_word' id='word_1_121' title='bbox 1153 1654 1183 1722; x_wconf 90' lang='lat'>6,</span> <span class='ocrx_word' id='word_1_122' title='bbox 1209 1653 1251 1713; x_wconf 90' lang='lat'>64</span> <span class='ocrx_word' id='word_1_123' title='bbox 1275 1649 1379 1708; x_wconf 89' lang='lat' dir='ltr'>statim</span> <span class='ocrx_word' id='word_1_124' title='bbox 1403 1667 1450 1708; x_wconf 92' lang='lat' dir='ltr'>se·</span> 
     </span>
     <span class='ocr_line' id='line_1_15' title="bbox 327 1736 1450 1816; baseline 0.001 -20"><span class='ocrx_word' id='word_1_125' title='bbox 327 1737 434 1814; x_wconf 89' lang='lat' dir='ltr'>quitur</span> <span class='ocrx_word' id='word_1_126' title='bbox 464 1756 582 1798; x_wconf 87' lang='lat' dir='ltr'>carmen</span> <span class='ocrx_word' id='word_1_127' title='bbox 605 1736 659 1811; x_wconf 89' lang='lat' dir='ltr'>IV,</span> <span class='ocrx_word' id='word_1_128' title='bbox 688 1743 742 1813; x_wconf 82' lang='lat'>12,</span> <span class='ocrx_word' id='word_1_129' title='bbox 774 1739 854 1816; x_wconf 91' lang='lat' dir='ltr'>quod</span> <span class='ocrx_word' id='word_1_130' title='bbox 885 1738 1058 1816; x_wconf 87' lang='lat' dir='ltr'>epistolium</span> <span class='ocrx_word' id='word_1_131' title='bbox 1081 1736 1231 1813; x_wconf 82' lang='lat' dir='ltr'>Sulpiciae</span> <span class='ocrx_word' id='word_1_132' title='bbox 1259 1737 1371 1796; x_wconf 87' lang='lat' dir='ltr'>iterum</span> <span class='ocrx_word' id='word_1_133' title='bbox 1394 1757 1450 1797; x_wconf 89' lang='lat' dir='ltr'>suo</span> 
     </span>
     <span class='ocr_line' id='line_1_16' title="bbox 326 1825 1449 1906; baseline 0.004 -21"><span class='ocrx_word' id='word_1_134' title='bbox 326 1825 391 1887; x_wconf 90' lang='lat' dir='ltr'>loco</span> <span class='ocrx_word' id='word_1_135' title='bbox 423 1830 581 1888; x_wconf 82' lang='lat' dir='ltr'>exaratum</span> <span class='ocrx_word' id='word_1_136' title='bbox 613 1830 705 1888; x_wconf 82' lang='lat' dir='ltr'>extat.</span> <span class='ocrx_word' id='word_1_137' title='bbox 760 1828 898 1906; x_wconf 89' lang='lat' dir='ltr'>Denique</span> <span class='ocrx_word' id='word_1_138' title='bbox 929 1831 1059 1904; x_wconf 89' lang='lat' dir='ltr'>uterque</span> <span class='ocrx_word' id='word_1_139' title='bbox 1091 1830 1161 1903; x_wconf 91' lang='lat' dir='ltr'>post</span> <span class='ocrx_word' id='word_1_140' title='bbox 1187 1845 1305 1887; x_wconf 89' lang='lat' dir='ltr'>carmen</span> <span class='ocrx_word' id='word_1_141' title='bbox 1328 1826 1381 1900; x_wconf 90' lang='lat' dir='ltr'>IV,</span> <span class='ocrx_word' id='word_1_142' title='bbox 1409 1831 1449 1891; x_wconf 92' lang='lat'>14</span> 
     </span>
     <span class='ocr_line' id='line_1_17' title="bbox 331 1912 1448 1995; baseline -0.003 -18"><span class='ocrx_word' id='word_1_143' title='bbox 331 1915 537 1994; x_wconf 86' lang='lat' dir='ltr'>„epitaphium</span> <span class='ocrx_word' id='word_1_144' title='bbox 559 1912 691 1977; x_wconf 58' lang='lat' dir='ltr'>&#39;libanu</span> <span class='ocrx_word' id='word_1_145' title='bbox 717 1917 794 1977; x_wconf 91' lang='lat' dir='ltr'>illud</span> <span class='ocrx_word' id='word_1_146' title='bbox 816 1917 896 1994; x_wconf 91' lang='lat' dir='ltr'>quod</span> <span class='ocrx_word' id='word_1_147' title='bbox 920 1916 1160 1995; x_wconf 78' lang='lat' dir='ltr'>fragmentumF</span> <span class='ocrx_word' id='word_1_148' title='bbox 1183 1915 1316 1976; x_wconf 91' lang='lat' dir='ltr'>Domitio</span> <span class='ocrx_word' id='word_1_149' title='bbox 1338 1916 1448 1987; x_wconf 87' lang='lat' dir='ltr'>Marso,</span> 
     </span>
     <span class='ocr_line' id='line_1_18' title="bbox 327 2004 1446 2076; baseline -0.001 -11"><span class='ocrx_word' id='word_1_150' title='bbox 327 2005 379 2066; x_wconf 88' lang='lat' dir='ltr'>ulii</span> <span class='ocrx_word' id='word_1_151' title='bbox 402 2005 515 2066; x_wconf 86' lang='lat' dir='ltr'>codices</span> <span class='ocrx_word' id='word_1_152' title='bbox 538 2006 624 2066; x_wconf 78' lang='lat' dir='ltr'>velut</span> <span class='ocrx_word' id='word_1_153' title='bbox 647 2005 841 2066; x_wconf 81' lang='lat' dir='ltr'>Bboraoensis</span> <span class='ocrx_word' id='word_1_154' title='bbox 870 2009 901 2064; x_wconf 88' lang='lat' dir='ltr'>et</span> <span class='ocrx_word' id='word_1_155' title='bbox 923 2006 1108 2066; x_wconf 86' lang='lat' dir='ltr'>Monacensis</span> <span class='ocrx_word' id='word_1_156' title='bbox 1132 2004 1239 2065; x_wconf 88' lang='lat' dir='ltr'>Ovidio</span> <span class='ocrx_word' id='word_1_157' title='bbox 1263 2005 1446 2076; x_wconf 86' lang='lat' dir='ltr'>adscribunt,</span> 
     </span>
     <span class='ocr_line' id='line_1_19' title="bbox 327 2093 860 2156; baseline -0.002 -2"><span class='ocrx_word' id='word_1_158' title='bbox 327 2113 389 2156; x_wconf 88' lang='lat' dir='ltr'>uua</span> <span class='ocrx_word' id='word_1_159' title='bbox 412 2113 481 2155; x_wconf 90' lang='lat' dir='ltr'>curn</span> <span class='ocrx_word' id='word_1_160' title='bbox 504 2093 619 2154; x_wconf 83' lang='lat' dir='ltr'>Tibulli</span> <span class='ocrx_word' id='word_1_161' title='bbox 642 2095 707 2155; x_wconf 88' lang='lat' dir='ltr'>vita</span> <span class='ocrx_word' id='word_1_162' title='bbox 730 2095 860 2155; x_wconf 85' lang='lat' dir='ltr'>exhibet.</span> 
     </span>
    </p>

    <p class='ocr_par' dir='ltr' id='par_1_3' title="bbox 326 2181 1450 4136">
     <span class='ocr_line' id='line_1_20' title="bbox 415 2181 1443 2261; baseline -0.003 -20"><span class='ocrx_word' id='word_1_163' title='bbox 415 2183 480 2243; x_wconf 91' lang='lat' dir='ltr'>lam</span> <span class='ocrx_word' id='word_1_164' title='bbox 504 2203 539 2242; x_wconf 87' lang='lat' dir='ltr'>ex</span> <span class='ocrx_word' id='word_1_165' title='bbox 562 2181 617 2244; x_wconf 90' lang='lat' dir='ltr'>hac</span> <span class='ocrx_word' id='word_1_166' title='bbox 640 2184 801 2261; x_wconf 86' lang='lat' dir='ltr'>utriusque</span> <span class='ocrx_word' id='word_1_167' title='bbox 823 2183 1020 2244; x_wconf 78' lang='lat' dir='ltr'>simihhrdine</span> <span class='ocrx_word' id='word_1_168' title='bbox 1044 2185 1135 2260; x_wconf 90' lang='lat' dir='ltr'>atquo</span> <span class='ocrx_word' id='word_1_169' title='bbox 1167 2184 1239 2243; x_wconf 89' lang='lat' dir='ltr'>adeo</span> <span class='ocrx_word' id='word_1_170' title='bbox 1264 2182 1443 2259; x_wconf 86' lang='lat' dir='ltr'>aequalitate</span> 
     </span>
     <span class='ocr_line' id='line_1_21' title="bbox 327 2271 1442 2347; baseline -0.004 -14"><span class='ocrx_word' id='word_1_171' title='bbox 327 2275 407 2334; x_wconf 86' lang='lat' dir='ltr'>recte</span> <span class='ocrx_word' id='word_1_172' title='bbox 439 2271 615 2347; x_wconf 87' lang='lat' dir='ltr'>concludas,</span> <span class='ocrx_word' id='word_1_173' title='bbox 650 2273 763 2334; x_wconf 86' lang='lat' dir='ltr'>codices</span> <span class='ocrx_word' id='word_1_174' title='bbox 796 2274 849 2333; x_wconf 87' lang='lat' dir='ltr'>hos</span> <span class='ocrx_word' id='word_1_175' title='bbox 882 2293 917 2333; x_wconf 85' lang='lat' dir='ltr'>ex</span> <span class='ocrx_word' id='word_1_176' title='bbox 949 2274 1050 2334; x_wconf 88' lang='lat' dir='ltr'>eodem</span> <span class='ocrx_word' id='word_1_177' title='bbox 1082 2273 1165 2332; x_wconf 85' lang='lat' dir='ltr'>fonte</span> <span class='ocrx_word' id='word_1_178' title='bbox 1196 2291 1258 2331; x_wconf 91' lang='lat' dir='ltr'>esse</span> <span class='ocrx_word' id='word_1_179' title='bbox 1287 2271 1442 2339; x_wconf 86' lang='lat' dir='ltr'>derivatos,</span> 
     </span>
     <span class='ocr_line' id='line_1_22' title="bbox 327 2361 1447 2441; baseline -0.005 -18"><span class='ocrx_word' id='word_1_180' title='bbox 327 2361 545 2424; x_wconf 83' lang='lat' dir='ltr'>vetustissimas</span> <span class='ocrx_word' id='word_1_181' title='bbox 573 2361 665 2422; x_wconf 89' lang='lat' dir='ltr'>unius</span> <span class='ocrx_word' id='word_1_182' title='bbox 696 2361 826 2423; x_wconf 87' lang='lat' dir='ltr'>familiae</span> <span class='ocrx_word' id='word_1_183' title='bbox 856 2363 1045 2441; x_wconf 83' lang='lat' dir='ltr'>propagines.</span> <span class='ocrx_word' id='word_1_184' title='bbox 1102 2361 1220 2422; x_wconf 77' lang='lat' dir='ltr'>Certius</span> <span class='ocrx_word' id='word_1_185' title='bbox 1253 2380 1324 2422; x_wconf 79' lang='lat' dir='ltr'>vero</span> <span class='ocrx_word' id='word_1_186' title='bbox 1354 2377 1447 2436; x_wconf 88' lang='lat' dir='ltr'>argu-</span> 
     </span>
     <span class='ocr_line' id='line_1_23' title="bbox 326 2449 1449 2532; baseline -0.004 -21"><span class='ocrx_word' id='word_1_187' title='bbox 326 2454 462 2513; x_wconf 91' lang='lat' dir='ltr'>mentum</span> <span class='ocrx_word' id='word_1_188' title='bbox 482 2451 667 2530; x_wconf 88' lang='lat' dir='ltr'>cognationis</span> <span class='ocrx_word' id='word_1_189' title='bbox 687 2451 717 2511; x_wconf 89' lang='lat' dir='ltr'>in</span> <span class='ocrx_word' id='word_1_190' title='bbox 738 2453 841 2532; x_wconf 87' lang='lat' dir='ltr'>elegiis</span> <span class='ocrx_word' id='word_1_191' title='bbox 856 2453 928 2529; x_wconf 90' lang='lat' dir='ltr'>ipsis</span> <span class='ocrx_word' id='word_1_192' title='bbox 948 2455 1040 2523; x_wconf 86' lang='lat' dir='ltr'>extat,</span> <span class='ocrx_word' id='word_1_193' title='bbox 1057 2452 1137 2528; x_wconf 91' lang='lat' dir='ltr'>quod</span> <span class='ocrx_word' id='word_1_194' title='bbox 1156 2453 1286 2526; x_wconf 90' lang='lat' dir='ltr'>uterque</span> <span class='ocrx_word' id='word_1_195' title='bbox 1303 2449 1449 2526; x_wconf 89' lang='lat' dir='ltr'>plurimas</span> 
     </span>
     <span class='ocr_line' id='line_1_24' title="bbox 326 2538 1450 2619; baseline -0.004 -19"><span class='ocrx_word' id='word_1_196' title='bbox 326 2539 450 2619; x_wconf 88' lang='lat' dir='ltr'>praehet</span> <span class='ocrx_word' id='word_1_197' title='bbox 479 2539 636 2614; x_wconf 90' lang='lat' dir='ltr'>lectiones,</span> <span class='ocrx_word' id='word_1_198' title='bbox 669 2561 746 2618; x_wconf 87' lang='lat' dir='ltr'>queo</span> <span class='ocrx_word' id='word_1_199' title='bbox 774 2543 832 2601; x_wconf 88' lang='lat' dir='ltr'>nisi</span> <span class='ocrx_word' id='word_1_200' title='bbox 864 2562 899 2602; x_wconf 86' lang='lat' dir='ltr'>ex</span> <span class='ocrx_word' id='word_1_201' title='bbox 930 2562 991 2602; x_wconf 87' lang='lat' dir='ltr'>uuo</span> <span class='ocrx_word' id='word_1_202' title='bbox 1019 2541 1183 2617; x_wconf 87' lang='lat' dir='ltr'>eodemque</span> <span class='ocrx_word' id='word_1_203' title='bbox 1206 2539 1306 2600; x_wconf 89' lang='lat' dir='ltr'>codice</span> <span class='ocrx_word' id='word_1_204' title='bbox 1328 2538 1450 2597; x_wconf 84' lang='lat' dir='ltr'>fluxisse</span> 
     </span>
     <span class='ocr_line' id='line_1_25' title="bbox 326 2627 1450 2707; baseline -0.004 -17"><span class='ocrx_word' id='word_1_205' title='bbox 326 2647 385 2690; x_wconf 85' lang='lat' dir='ltr'>nou</span> <span class='ocrx_word' id='word_1_206' title='bbox 418 2631 553 2707; x_wconf 89' lang='lat' dir='ltr'>possunt.</span> <span class='ocrx_word' id='word_1_207' title='bbox 600 2629 685 2691; x_wconf 87' lang='lat' dir='ltr'>Inter</span> <span class='ocrx_word' id='word_1_208' title='bbox 714 2648 790 2707; x_wconf 90' lang='lat' dir='ltr'>quas</span> <span class='ocrx_word' id='word_1_209' title='bbox 817 2631 855 2690; x_wconf 91' lang='lat' dir='ltr'>ad</span> <span class='ocrx_word' id='word_1_210' title='bbox 885 2631 960 2691; x_wconf 87' lang='lat' dir='ltr'>hanc</span> <span class='ocrx_word' id='word_1_211' title='bbox 991 2630 1196 2707; x_wconf 87' lang='lat' dir='ltr'>quaestionem</span> <span class='ocrx_word' id='word_1_212' title='bbox 1225 2627 1450 2688; x_wconf 88' lang='lat' dir='ltr'>diiudicandam</span> 
     </span>
     <span class='ocr_line' id='line_1_26' title="bbox 326 2711 1449 2797; baseline -0.004 -19"><span class='ocrx_word' id='word_1_213' title='bbox 326 2720 484 2778; x_wconf 86' lang='lat' dir='ltr'>maximam</span> <span class='ocrx_word' id='word_1_214' title='bbox 497 2717 560 2777; x_wconf 79' lang='lat' dir='ltr'>vim</span> <span class='ocrx_word' id='word_1_215' title='bbox 576 2717 688 2780; x_wconf 87' lang='lat' dir='ltr'>habent</span> <span class='ocrx_word' id='word_1_216' title='bbox 713 2738 765 2780; x_wconf 86' lang='lat' dir='ltr'>eas</span> <span class='ocrx_word' id='word_1_217' title='bbox 788 2738 867 2797; x_wconf 87' lang='lat' dir='ltr'>quae</span> <span class='ocrx_word' id='word_1_218' title='bbox 889 2711 965 2779; x_wconf 81' lang='lat' dir='ltr'>falsa</span> <span class='ocrx_word' id='word_1_219' title='bbox 989 2720 1108 2795; x_wconf 91' lang='lat' dir='ltr'>apicum</span> <span class='ocrx_word' id='word_1_220' title='bbox 1131 2719 1180 2778; x_wconf 79' lang='lat' dir='ltr'>vel</span> <span class='ocrx_word' id='word_1_221' title='bbox 1202 2717 1449 2794; x_wconf 90' lang='lat' dir='ltr'>compendiorum</span> 
     </span>
     <span class='ocr_line' id='line_1_27' title="bbox 326 2807 1448 2886; baseline -0.004 -19"><span class='ocrx_word' id='word_1_222' title='bbox 326 2807 573 2884; x_wconf 84' lang='lat' dir='ltr'>interpretatione</span> <span class='ocrx_word' id='word_1_223' title='bbox 597 2810 686 2868; x_wconf 86' lang='lat' dir='ltr'>uotae</span> <span class='ocrx_word' id='word_1_224' title='bbox 709 2808 859 2874; x_wconf 79' lang='lat' dir='ltr'>ridentur.</span> <span class='ocrx_word' id='word_1_225' title='bbox 905 2809 1039 2869; x_wconf 75' lang='lat' dir='ltr'>Aderam</span> <span class='ocrx_word' id='word_1_226' title='bbox 1060 2808 1157 2886; x_wconf 88' lang='lat' dir='ltr'>igitur</span> <span class='ocrx_word' id='word_1_227' title='bbox 1181 2826 1216 2867; x_wconf 84' lang='lat' dir='ltr'>ex</span> <span class='ocrx_word' id='word_1_228' title='bbox 1239 2810 1325 2866; x_wconf 89' lang='lat' dir='ltr'>tanto</span> <span class='ocrx_word' id='word_1_229' title='bbox 1348 2825 1448 2866; x_wconf 86' lang='lat' dir='ltr'>exem-</span> 
     </span>
     <span class='ocr_line' id='line_1_28' title="bbox 326 2892 1449 2978; baseline -0.004 -22"><span class='ocrx_word' id='word_1_230' title='bbox 326 2898 445 2974; x_wconf 88' lang='lat' dir='ltr'>plorum</span> <span class='ocrx_word' id='word_1_231' title='bbox 461 2915 587 2957; x_wconf 87' lang='lat' dir='ltr'>numero</span> <span class='ocrx_word' id='word_1_232' title='bbox 603 2917 698 2974; x_wconf 86' lang='lat' dir='ltr'>pauca</span> <span class='ocrx_word' id='word_1_233' title='bbox 711 2897 799 2959; x_wconf 87' lang='lat' dir='ltr'>huso:</span> <span class='ocrx_word' id='word_1_234' title='bbox 823 2895 849 2970; x_wconf 95' lang='lat' dir='ltr'>I,</span> <span class='ocrx_word' id='word_1_235' title='bbox 866 2902 893 2970; x_wconf 93' lang='lat' dir='ltr'>l,</span> <span class='ocrx_word' id='word_1_236' title='bbox 911 2903 967 2963; x_wconf 76' lang='lat'>37:</span> <span class='ocrx_word' id='word_1_237' title='bbox 984 2897 1066 2956; x_wconf 93' lang='lat' dir='ltr'>AV:</span> <span class='ocrx_word' id='word_1_238' title='bbox 1083 2900 1123 2970; x_wconf 86' lang='lat' dir='ltr'>et,</span> <span class='ocrx_word' id='word_1_239' title='bbox 1140 2893 1245 2956; x_wconf 84' lang='lat' dir='ltr'>A¹BG</span> <span class='ocrx_word' id='word_1_240' title='bbox 1257 2894 1297 2978; x_wconf 87' lang='lat'>¹):</span> <span class='ocrx_word' id='word_1_241' title='bbox 1314 2915 1340 2967; x_wconf 89' lang='lat' dir='ltr'>c,</span> <span class='ocrx_word' id='word_1_242' title='bbox 1353 2892 1395 2957; x_wconf 85' lang='lat' dir='ltr'>G:</span> <span class='ocrx_word' id='word_1_243' title='bbox 1412 2894 1449 2953; x_wconf 89' lang='lat' dir='ltr'>de</span> 
     </span>
     <span class='ocr_line' id='line_1_29' title="bbox 326 2983 1447 3064; baseline -0.004 -18"><span class='ocrx_word' id='word_1_244' title='bbox 326 2985 352 3059; x_wconf 92' lang='grc' dir='ltr'>Ι,</span> <span class='ocrx_word' id='word_1_245' title='bbox 366 2991 397 3059; x_wconf 83' lang='grc'>4,</span> <span class='ocrx_word' id='word_1_246' title='bbox 410 2985 467 3052; x_wconf 82' lang='lat'>29:</span> <span class='ocrx_word' id='word_1_247' title='bbox 483 2985 567 3045; x_wconf 88' lang='lat' dir='ltr'>AV:</span> <span class='ocrx_word' id='word_1_248' title='bbox 592 2986 746 3064; x_wconf 85' lang='lat' dir='ltr'>tepordit,</span> <span class='ocrx_word' id='word_1_249' title='bbox 771 2983 978 3047; x_wconf 76' lang='lat' dir='ltr'>A¹BOV²G:</span> <span class='ocrx_word' id='word_1_250' title='bbox 1002 2987 1148 3063; x_wconf 83' lang='lat' dir='ltr'>deperdit.</span> <span class='ocrx_word' id='word_1_251' title='bbox 1173 2985 1214 3060; x_wconf 92' lang='lat' dir='ltr'>Il,</span> <span class='ocrx_word' id='word_1_252' title='bbox 1236 2991 1263 3056; x_wconf 91' lang='lat'>1,</span> <span class='ocrx_word' id='word_1_253' title='bbox 1282 2991 1343 3056; x_wconf 81' lang='lat'>453</span> <span class='ocrx_word' id='word_1_254' title='bbox 1366 2983 1447 3042; x_wconf 88' lang='lat' dir='ltr'>AV:</span> 
     </span>
     <span class='ocr_line' id='line_1_30' title="bbox 327 3071 1449 3152; baseline -0.004 -16"><span class='ocrx_word' id='word_1_255' title='bbox 327 3075 436 3148; x_wconf 84' lang='lat' dir='ltr'>Antea,</span> <span class='ocrx_word' id='word_1_256' title='bbox 450 3071 563 3135; x_wconf 63' lang='lat' dir='ltr'>Amo:</span> <span class='ocrx_word' id='word_1_257' title='bbox 580 3075 691 3136; x_wconf 88' lang='lat' dir='ltr'>Aurea.</span> <span class='ocrx_word' id='word_1_258' title='bbox 715 3074 757 3151; x_wconf 90' lang='lat'>11,</span> <span class='ocrx_word' id='word_1_259' title='bbox 775 3082 805 3150; x_wconf 88' lang='lat'>4,</span> <span class='ocrx_word' id='word_1_260' title='bbox 824 3081 882 3142; x_wconf 78' lang='lat'>33:</span> <span class='ocrx_word' id='word_1_261' title='bbox 898 3075 976 3136; x_wconf 90' lang='lat' dir='ltr'>AV:</span> <span class='ocrx_word' id='word_1_262' title='bbox 992 3077 1116 3147; x_wconf 88' lang='lat' dir='ltr'>incerta,</span> <span class='ocrx_word' id='word_1_263' title='bbox 1129 3076 1209 3152; x_wconf 90' lang='lat' dir='ltr'>quod</span> <span class='ocrx_word' id='word_1_264' title='bbox 1221 3073 1401 3135; x_wconf 87' lang='lat' dir='ltr'>Baehrensio</span> <span class='ocrx_word' id='word_1_265' title='bbox 1413 3093 1449 3132; x_wconf 86' lang='lat' dir='ltr'>ex</span> 
     </span>
     <span class='ocr_line' id='line_1_31' title="bbox 327 3163 1449 3243; baseline -0.007 -15"><span class='ocrx_word' id='word_1_266' title='bbox 327 3169 407 3229; x_wconf 84' lang='lat' dir='ltr'>victo</span> <span class='ocrx_word' id='word_1_267' title='bbox 424 3191 458 3218; x_wconf 85' lang='lat'>=</span> <span class='ocrx_word' id='word_1_268' title='bbox 476 3163 577 3226; x_wconf 80' lang='lat' dir='ltr'>vincta</span> <span class='ocrx_word' id='word_1_269' title='bbox 599 3169 736 3226; x_wconf 85' lang='lat' dir='ltr'>exortum</span> <span class='ocrx_word' id='word_1_270' title='bbox 761 3165 892 3236; x_wconf 87' lang='lat' dir='ltr'>videtur,</span> <span class='ocrx_word' id='word_1_271' title='bbox 916 3184 1047 3243; x_wconf 89' lang='lat' dir='ltr'>proquo</span> <span class='ocrx_word' id='word_1_272' title='bbox 1071 3166 1189 3240; x_wconf 64' lang='lat' dir='ltr'>,view</span> <span class='ocrx_word' id='word_1_273' title='bbox 1207 3167 1289 3225; x_wconf 87' lang='lat' dir='ltr'>recte</span> <span class='ocrx_word' id='word_1_274' title='bbox 1304 3164 1449 3240; x_wconf 88' lang='lat' dir='ltr'>praebent</span> 
     </span>
     <span class='ocr_line' id='line_1_32' title="bbox 327 3249 1447 3332; baseline -0.005 -18"><span class='ocrx_word' id='word_1_275' title='bbox 327 3249 434 3314; x_wconf 77' lang='lat' dir='ltr'>A&#39;CG.</span> <span class='ocrx_word' id='word_1_276' title='bbox 451 3253 492 3326; x_wconf 87' lang='lat' dir='ltr'>H,</span> <span class='ocrx_word' id='word_1_277' title='bbox 510 3259 541 3327; x_wconf 88' lang='lat'>4,</span> <span class='ocrx_word' id='word_1_278' title='bbox 558 3259 617 3318; x_wconf 82' lang='lat'>44:</span> <span class='ocrx_word' id='word_1_279' title='bbox 642 3253 752 3315; x_wconf 88' lang='lat' dir='ltr'>AVB:</span> <span class='ocrx_word' id='word_1_280' title='bbox 777 3255 947 3332; x_wconf 74' lang='lat' dir='ltr'>obsequiae,</span> <span class='ocrx_word' id='word_1_281' title='bbox 971 3253 1084 3314; x_wconf 85' lang='lat' dir='ltr'>A¹CG:</span> <span class='ocrx_word' id='word_1_282' title='bbox 1110 3254 1260 3330; x_wconf 83' lang='lat' dir='ltr'>exequias.</span> <span class='ocrx_word' id='word_1_283' title='bbox 1284 3252 1326 3325; x_wconf 92' lang='lat' dir='ltr'>II,</span> <span class='ocrx_word' id='word_1_284' title='bbox 1341 3259 1371 3323; x_wconf 87' lang='lat'>4,</span> <span class='ocrx_word' id='word_1_285' title='bbox 1386 3255 1447 3315; x_wconf 85' lang='lat'>59:</span> 
     </span>
     <span class='ocr_line' id='line_1_33' title="bbox 327 3340 1446 3418; baseline -0.002 -15"><span class='ocrx_word' id='word_1_286' title='bbox 327 3342 408 3404; x_wconf 89' lang='lat' dir='ltr'>AV:</span> <span class='ocrx_word' id='word_1_287' title='bbox 432 3343 464 3403; x_wconf 86' lang='lat' dir='ltr'>Si</span> <span class='ocrx_word' id='word_1_288' title='bbox 481 3361 550 3418; x_wconf 92' lang='lat' dir='ltr'>non,</span> <span class='ocrx_word' id='word_1_289' title='bbox 566 3344 676 3404; x_wconf 86' lang='lat' dir='ltr'>ceteri:</span> <span class='ocrx_word' id='word_1_290' title='bbox 701 3341 733 3404; x_wconf 83' lang='lat' dir='ltr'>Si</span> <span class='ocrx_word' id='word_1_291' title='bbox 748 3343 846 3404; x_wconf 88' lang='lat' dir='ltr'>modo.</span> <span class='ocrx_word' id='word_1_292' title='bbox 870 3342 912 3416; x_wconf 88' lang='lat' dir='ltr'>H,</span> <span class='ocrx_word' id='word_1_293' title='bbox 930 3351 960 3416; x_wconf 80' lang='grc'>5,</span> <span class='ocrx_word' id='word_1_294' title='bbox 977 3349 1039 3410; x_wconf 82' lang='lat'>35:</span> <span class='ocrx_word' id='word_1_295' title='bbox 1056 3341 1168 3402; x_wconf 89' lang='lat' dir='ltr'>AVB:</span> <span class='ocrx_word' id='word_1_296' title='bbox 1191 3343 1320 3418; x_wconf 78' lang='lat' dir='ltr'>Illoque,</span> <span class='ocrx_word' id='word_1_297' title='bbox 1337 3340 1446 3402; x_wconf 76' lang='lat' dir='ltr'>cotem:</span> 
     </span>
     <span class='ocr_line' id='line_1_34' title="bbox 327 3430 1446 3510; baseline -0.004 -18"><span class='ocrx_word' id='word_1_298' title='bbox 327 3433 393 3493; x_wconf 76' lang='lat' dir='ltr'>Illa</span> <span class='ocrx_word' id='word_1_299' title='bbox 417 3431 459 3505; x_wconf 85' lang='lat'>11,</span> <span class='ocrx_word' id='word_1_300' title='bbox 484 3439 514 3505; x_wconf 79' lang='lat'>5,</span> <span class='ocrx_word' id='word_1_301' title='bbox 542 3435 623 3498; x_wconf 74' lang='lat'>116:</span> <span class='ocrx_word' id='word_1_302' title='bbox 648 3431 729 3492; x_wconf 89' lang='lat' dir='ltr'>AV:</span> <span class='ocrx_word' id='word_1_303' title='bbox 753 3433 853 3510; x_wconf 85' lang='lat' dir='ltr'>opida,</span> <span class='ocrx_word' id='word_1_304' title='bbox 876 3435 984 3494; x_wconf 71' lang='lat' dir='ltr'>oeten:</span> <span class='ocrx_word' id='word_1_305' title='bbox 1008 3433 1119 3510; x_wconf 86' lang='lat' dir='ltr'>oppida</span> <span class='ocrx_word' id='word_1_306' title='bbox 1135 3433 1221 3509; x_wconf 88' lang='lat' dir='ltr'>(item</span> <span class='ocrx_word' id='word_1_307' title='bbox 1237 3430 1291 3505; x_wconf 90' lang='lat' dir='ltr'>IV,</span> <span class='ocrx_word' id='word_1_308' title='bbox 1311 3437 1340 3505; x_wconf 94' lang='lat' dir='ltr'>l,</span> <span class='ocrx_word' id='word_1_309' title='bbox 1361 3430 1446 3503; x_wconf 80' lang='lat'>174).</span> 
     </span>
     <span class='ocr_line' id='line_1_35' title="bbox 328 3519 1447 3597; baseline -0.005 -15"><span class='ocrx_word' id='word_1_310' title='bbox 328 3521 369 3594; x_wconf 92' lang='lat'>11,</span> <span class='ocrx_word' id='word_1_311' title='bbox 383 3527 414 3597; x_wconf 84' lang='grc'>6,</span> <span class='ocrx_word' id='word_1_312' title='bbox 431 3525 488 3586; x_wconf 75' lang='lat'>32:</span> <span class='ocrx_word' id='word_1_313' title='bbox 505 3520 615 3581; x_wconf 88' lang='lat' dir='ltr'>AVB:</span> <span class='ocrx_word' id='word_1_314' title='bbox 632 3521 740 3596; x_wconf 82' lang='lat' dir='ltr'>lerant,</span> <span class='ocrx_word' id='word_1_315' title='bbox 757 3523 868 3583; x_wconf 86' lang='lat' dir='ltr'>ceteri:</span> <span class='ocrx_word' id='word_1_316' title='bbox 885 3521 989 3583; x_wconf 84' lang='lat' dir='ltr'>feram.</span> <span class='ocrx_word' id='word_1_317' title='bbox 1013 3521 1055 3594; x_wconf 92' lang='lat'>11,</span> <span class='ocrx_word' id='word_1_318' title='bbox 1073 3525 1103 3594; x_wconf 85' lang='grc'>6,</span> <span class='ocrx_word' id='word_1_319' title='bbox 1121 3523 1180 3586; x_wconf 81' lang='lat'>46:</span> <span class='ocrx_word' id='word_1_320' title='bbox 1205 3519 1283 3578; x_wconf 88' lang='lat' dir='ltr'>AV:</span> <span class='ocrx_word' id='word_1_321' title='bbox 1304 3523 1447 3594; x_wconf 88' lang='lat' dir='ltr'>tuncque,</span> 
     </span>
     <span class='ocr_line' id='line_1_36' title="bbox 327 3609 1447 3689; baseline 0 -17"><span class='ocrx_word' id='word_1_322' title='bbox 327 3611 409 3689; x_wconf 89' lang='lat' dir='ltr'>quod</span> <span class='ocrx_word' id='word_1_323' title='bbox 432 3609 606 3688; x_wconf 87' lang='lat' dir='ltr'>compendio</span> <span class='ocrx_word' id='word_1_324' title='bbox 629 3631 721 3688; x_wconf 84' lang='lat' dir='ltr'>pravo</span> <span class='ocrx_word' id='word_1_325' title='bbox 744 3611 829 3672; x_wconf 88' lang='lat' dir='ltr'>illato</span> <span class='ocrx_word' id='word_1_326' title='bbox 854 3615 993 3673; x_wconf 86' lang='lat' dir='ltr'>exortum</span> <span class='ocrx_word' id='word_1_327' title='bbox 1014 3610 1136 3672; x_wconf 83' lang='lat' dir='ltr'>ridetur</span> <span class='ocrx_word' id='word_1_328' title='bbox 1160 3629 1197 3670; x_wconf 83' lang='lat' dir='ltr'>ex</span> <span class='ocrx_word' id='word_1_329' title='bbox 1224 3611 1321 3684; x_wconf 76' lang='lat' dir='ltr'>,llq,·“</span> <span class='ocrx_word' id='word_1_330' title='bbox 1348 3609 1447 3685; x_wconf 58' lang='lat' dir='ltr'>(lim),</span> 
     </span>
     <span class='ocr_line' id='line_1_37' title="bbox 327 3698 1447 3777; baseline -0.006 -15"><span class='ocrx_word' id='word_1_331' title='bbox 327 3700 419 3762; x_wconf 85' lang='lat' dir='ltr'>ceteri</span> <span class='ocrx_word' id='word_1_332' title='bbox 435 3703 532 3763; x_wconf 87' lang='lat' dir='ltr'>recte:</span> <span class='ocrx_word' id='word_1_333' title='bbox 557 3700 652 3777; x_wconf 87' lang='lat' dir='ltr'>itque.</span> <span class='ocrx_word' id='word_1_334' title='bbox 676 3699 734 3773; x_wconf 90' lang='grc' dir='ltr'>ΙΙΙ,</span> <span class='ocrx_word' id='word_1_335' title='bbox 763 3707 790 3774; x_wconf 89' lang='lat' dir='ltr'>l,</span> <span class='ocrx_word' id='word_1_336' title='bbox 818 3707 876 3767; x_wconf 88' lang='lat'>15:</span> <span class='ocrx_word' id='word_1_337' title='bbox 900 3700 1013 3761; x_wconf 90' lang='lat' dir='ltr'>AVB:</span> <span class='ocrx_word' id='word_1_338' title='bbox 1037 3701 1161 3771; x_wconf 88' lang='lat' dir='ltr'>Parvos,</span> <span class='ocrx_word' id='word_1_339' title='bbox 1177 3699 1286 3759; x_wconf 86' lang='lat' dir='ltr'>ceteri:</span> <span class='ocrx_word' id='word_1_340' title='bbox 1311 3698 1370 3758; x_wconf 83' lang='lat' dir='ltr'>Por</span> <span class='ocrx_word' id='word_1_341' title='bbox 1384 3715 1447 3757; x_wconf 87' lang='lat' dir='ltr'>vos.</span> 
     </span>
     <span class='ocr_line' id='line_1_38' title="bbox 328 3786 1446 3865; baseline -0.004 -15"><span class='ocrx_word' id='word_1_342' title='bbox 328 3789 385 3863; x_wconf 86' lang='lat'>111,</span> <span class='ocrx_word' id='word_1_343' title='bbox 414 3796 442 3865; x_wconf 91' lang='lat' dir='ltr'>l,</span> <span class='ocrx_word' id='word_1_344' title='bbox 470 3793 525 3854; x_wconf 81' lang='lat'>16:</span> <span class='ocrx_word' id='word_1_345' title='bbox 564 3787 675 3850; x_wconf 91' lang='lat' dir='ltr'>AVB:</span> <span class='ocrx_word' id='word_1_346' title='bbox 706 3791 897 3862; x_wconf 87' lang='lat' dir='ltr'>umbrosam,</span> <span class='ocrx_word' id='word_1_347' title='bbox 929 3791 1034 3852; x_wconf 84' lang='lat' dir='ltr'>ceteri:</span> <span class='ocrx_word' id='word_1_348' title='bbox 1066 3789 1214 3849; x_wconf 79' lang='lat' dir='ltr'>umbram.</span> <span class='ocrx_word' id='word_1_349' title='bbox 1246 3786 1304 3862; x_wconf 84' lang='lat' dir='ltr'>HL</span> <span class='ocrx_word' id='word_1_350' title='bbox 1330 3791 1361 3861; x_wconf 87' lang='grc'>3,</span> <span class='ocrx_word' id='word_1_351' title='bbox 1387 3789 1446 3850; x_wconf 82' lang='lat'>14:</span> 
     </span>
     <span class='ocr_line' id='line_1_39' title="bbox 328 3875 1446 3957; baseline 0.005 -18"><span class='ocrx_word' id='word_1_352' title='bbox 328 3877 438 3939; x_wconf 87' lang='lat' dir='ltr'>AVB:</span> <span class='ocrx_word' id='word_1_353' title='bbox 475 3877 620 3953; x_wconf 84' lang='lat' dir='ltr'>thariste,</span> <span class='ocrx_word' id='word_1_354' title='bbox 652 3878 760 3940; x_wconf 86' lang='lat' dir='ltr'>ceteri:</span> <span class='ocrx_word' id='word_1_355' title='bbox 797 3883 925 3957; x_wconf 84' lang='lat' dir='ltr'>caryste.</span> <span class='ocrx_word' id='word_1_356' title='bbox 961 3878 1023 3951; x_wconf 92' lang='lat' dir='ltr'>III,</span> <span class='ocrx_word' id='word_1_357' title='bbox 1056 3883 1086 3953; x_wconf 84' lang='lat'>3,</span> <span class='ocrx_word' id='word_1_358' title='bbox 1111 3883 1171 3942; x_wconf 84' lang='lat'>21:</span> <span class='ocrx_word' id='word_1_359' title='bbox 1206 3876 1287 3936; x_wconf 90' lang='lat' dir='ltr'>AV:</span> <span class='ocrx_word' id='word_1_360' title='bbox 1322 3875 1446 3945; x_wconf 80' lang='lat' dir='ltr'>homini,</span> 
     </span>
     <span class='ocr_line' id='line_1_40' title="bbox 327 3961 1446 4040; baseline -0.007 -10"><span class='ocrx_word' id='word_1_361' title='bbox 327 3969 433 4030; x_wconf 84' lang='lat' dir='ltr'>ceteri:</span> <span class='ocrx_word' id='word_1_362' title='bbox 469 3967 632 4031; x_wconf 80' lang='lat' dir='ltr'>homiuum.</span> <span class='ocrx_word' id='word_1_363' title='bbox 668 3967 726 4040; x_wconf 91' lang='lat'>111,</span> <span class='ocrx_word' id='word_1_364' title='bbox 758 3975 789 4040; x_wconf 80' lang='grc'>4,</span> <span class='ocrx_word' id='word_1_365' title='bbox 814 3973 853 4034; x_wconf 79' lang='lat'>9:</span> <span class='ocrx_word' id='word_1_366' title='bbox 889 3967 998 4028; x_wconf 90' lang='lat' dir='ltr'>AVB:</span> <span class='ocrx_word' id='word_1_367' title='bbox 1035 3971 1142 4028; x_wconf 87' lang='lat' dir='ltr'>natum</span> <span class='ocrx_word' id='word_1_368' title='bbox 1170 3971 1325 4038; x_wconf 88' lang='lat' dir='ltr'>maturas,</span> <span class='ocrx_word' id='word_1_369' title='bbox 1356 3961 1446 4023; x_wconf 82' lang='lat' dir='ltr'>A¹G=</span> 
     </span>
     <span class='ocr_line' id='line_1_41' title="bbox 328 4055 1446 4136; baseline -0.004 -17"><span class='ocrx_word' id='word_1_370' title='bbox 328 4077 441 4119; x_wconf 83' lang='lat' dir='ltr'>vanum</span> <span class='ocrx_word' id='word_1_371' title='bbox 464 4065 607 4132; x_wconf 83' lang='lat' dir='ltr'>ventura,</span> <span class='ocrx_word' id='word_1_372' title='bbox 638 4077 674 4118; x_wconf 80' lang='lat' dir='ltr'>ex</span> <span class='ocrx_word' id='word_1_373' title='bbox 697 4077 757 4136; x_wconf 85' lang='lat' dir='ltr'>qua</span> <span class='ocrx_word' id='word_1_374' title='bbox 788 4057 950 4119; x_wconf 86' lang='lat' dir='ltr'>lectionum</span> <span class='ocrx_word' id='word_1_375' title='bbox 973 4056 1141 4118; x_wconf 77' lang='lat' dir='ltr'>differentia</span> <span class='ocrx_word' id='word_1_376' title='bbox 1163 4055 1339 4118; x_wconf 85' lang='lat' dir='ltr'>concludere</span> <span class='ocrx_word' id='word_1_377' title='bbox 1361 4072 1446 4134; x_wconf 88' lang='lat' dir='ltr'>posse</span> 
     </span>
    </p>
   </div>
   <div class='ocr_carea' id='block_1_3' title="bbox 419 4248 1242 4326">
    <p class='ocr_par' dir='ltr' id='par_1_4' title="bbox 419 4248 1242 4326">
     <span class='ocr_line' id='line_1_42' title="bbox 419 4248 1242 4326; baseline 0.002 -20"><span class='ocrx_word' id='word_1_378' title='bbox 419 4249 444 4321; x_wconf 84' lang='grc' dir='ltr'>Ι)</span> <span class='ocrx_word' id='word_1_379' title='bbox 462 4256 532 4309; x_wconf 85' lang='lat' dir='ltr'>uota</span> <span class='ocrx_word' id='word_1_380' title='bbox 549 4248 581 4309; x_wconf 65' lang='lat' dir='ltr'>A:</span> <span class='ocrx_word' id='word_1_381' title='bbox 601 4249 726 4310; x_wconf 86' lang='lat' dir='ltr'>codicem</span> <span class='ocrx_word' id='word_1_382' title='bbox 743 4251 946 4312; x_wconf 82' lang='lat' dir='ltr'>llboraccnscm</span> <span class='ocrx_word' id='word_1_383' title='bbox 964 4251 1122 4326; x_wconf 80' lang='lat' dir='ltr'>significare</span> <span class='ocrx_word' id='word_1_384' title='bbox 1139 4252 1242 4325; x_wconf 80' lang='lat' dir='ltr'>placet-</span> 
     </span>
    </p>
   </div>
   <div class='ocr_carea' id='block_1_4' title="bbox 1597 582 1601 813">
    <p class='ocr_par' dir='ltr' id='par_1_5' title="bbox 1597 582 1601 813">
     <span class='ocr_line' id='line_1_43' title="bbox 1600 582 1601 638; baseline 0 0"><span class='ocrx_word' id='word_1_385' title='bbox 1600 582 1601 638; x_wconf 86' lang='lat' dir='ltr'>l</span> 
     </span>
     <span class='ocr_line' id='line_1_44' title="bbox 1597 752 1601 813; baseline 0 0"><span class='ocrx_word' id='word_1_386' title='bbox 1597 752 1601 813; x_wconf 91' lang='grc' dir='ltr'>Ι</span> 
     </span>
    </p>
   </div>
   <div class='ocr_carea' id='block_1_5' title="bbox 0 0 1624 5006">
    <p class='ocr_par' dir='ltr' id='par_1_6' title="bbox 0 0 1624 5006">
     <span class='ocr_line' id='line_1_45' title="bbox 0 0 1624 5006; baseline 0 0"><span class='ocrx_word' id='word_1_387' title='bbox 0 0 1624 5006; x_wconf 95' lang='lat' dir='ltr'> </span> 
     </span>
    </p>
   </div>
  </div>
 </body>
</html>
