3240 5006
643 420 839 478 ..9.-

156 595 369 670 triumphum
399 593 487 667 duci,
517 593 548 651 id
572 594 654 668 quod
677 594 714 652 de
738 593 826 652 victis
849 592 961 662 solum,
994 610 1052 649 non
1075 591 1111 650 de
1135 590 1301 651 victoribus

181 684 321 759 usurpari
345 685 454 759 potest.

269 772 323 846 IV,
350 777 378 844 5,
406 777 418 835 l
448 771 487 830 F:
522 769 580 840 Qui
603 771 693 844 mihi,
727 771 835 831 ceteri:
870 769 925 828 Est
958 767 1020 845 qui.
1068 766 1133 826 Etsi
1165 768 1300 828 codicum

181 865 352 922 nostrorum
375 862 463 920 lectio
495 861 749 936 quemadmodum
773 880 808 918 ex
839 859 909 918 libri
933 858 957 915 F
982 857 1130 932 scriptura
1159 859 1226 916 orta
1250 857 1299 930 sit,

179 972 238 1011 non
261 951 348 1011 facile
373 950 579 1026 explicabitur,
603 953 703 1010 tamen
727 950 780 1027 qui
795 947 994 1008 Baehrensius
1010 945 1215 1006 amantissima
1230 947 1302 1007 haec

181 1045 273 1102 verba
298 1044 327 1100 et
351 1039 536 1098 dulcissima:
766 1031 768 1034 ⁴

271 1129 330 1199 Qui
353 1129 451 1187 mihi
473 1132 514 1198 te,
539 1128 688 1198 Cerintho,
712 1127 774 1187 dies
796 1127 888 1200 dedit,
912 1125 961 1185 hic
984 1125 1057 1183 mihi
1082 1123 1213 1186 sanctus

339 1219 440 1293 Atque
464 1218 542 1277 inter
564 1217 657 1277 festos
681 1237 797 1292 semper
819 1216 974 1275 habendus
999 1215 1057 1274 erit

180 1309 211 1365 in
235 1307 368 1366 ieiunum
390 1308 465 1366 illud
494 1307 558 1381 „En
575 1307 627 1382 qui
643 1309 692 1367 te“
719 1307 854 1381 potuerit
878 1308 1072 1378 commutare,
1096 1324 1218 1380 prorsus
1241 1322 1299 1363 non

181 1396 335 1472 perspicio
379 1395 481 1456 Omnis
506 1396 585 1454 enim
608 1396 700 1454 huius
724 1396 781 1455 loci
804 1396 859 1454 flos
883 1395 1023 1469 colorque
1047 1395 1105 1453 1313
1128 1395 1300 1468 coniectura

181 1486 306 1548 deletur,
795 1511 798 1518 ·

270 1573 352 1644 Quae
375 1575 399 1633 si
422 1578 503 1634 recte
526 1575 682 1651 disputata
705 1576 786 1646 sunt,
819 1574 879 1640 iarn
904 1574 939 1632 de
963 1573 1020 1631 fide
1043 1592 1077 1632 30
1100 1573 1229 1648 pondere
1252 1591 1301 1632 co-

179 1665 280 1724 dicum
310 1668 483 1723 nostrorum
515 1667 631 1723 certum
661 1663 726 1722 fieri
753 1668 853 1739 potest
884 1662 1041 1722 iudicium.
1089 1661 1167 1720 Nam
1195 1662 1302 1721 menda

178 1754 230 1812 illa
253 1773 334 1812 mero
358 1752 473 1812 librarii
498 1771 596 1812 errore
619 1753 791 1812 socordiave
815 1754 936 1826 exorta,
971 1771 1048 1826 quae
1079 1751 1109 1809 in
1132 1751 1300 1829 fragmento

180 1841 339 1900 Ouiaciano
370 1842 463 1900 fuisse
493 1842 634 1900 videntur
667 1843 748 1901 haud
777 1842 822 1900 ita
845 1842 1001 1927 1130031),
1022 1841 1053 1899 in
1076 1841 1131 1900 hac
1154 1841 1301 1900 librorum

181 1931 410 2007 comparatione,
434 1950 503 1990 cum
524 1932 615 1991 ceteri
639 1949 759 2007 quoque
784 1931 897 1991 codices
920 1931 1032 2007 pariter
1055 1933 1188 1990 scateant
1220 1949 1301 1989 erro·

180 2020 276 2091 111103,
301 2021 485 2097 neglegenda
508 2039 570 2080 esse
593 2021 743 2080 duximus

270 2108 415 2178 Quoniam
453 2110 551 2187 igitur
585 2111 616 2168 in
654 2113 739 2170 tanto
775 2109 1045 2184 discrepantiarum
1080 2128 1204 2168 numero
1239 2113 1301 2168 tres

178 2200 387 2258 tantummodo
403 2218 508 2258 versus
531 2199 789 2274 deprehendimus,
815 2199 926 2274 quibus
950 2196 1149 2257 recentiorum
1166 2198 1301 2257 codicum

177 2289 266 2346 lectio
289 2307 344 2363 pro
368 2308 439 2346 vera
463 2308 665 2364 germanaque
689 2289 825 2346 habenda
850 2307 912 2348 esse
936 2291 990 2347 301
1013 2287 1137 2363 propius
1162 2308 1252 2363 quam
1276 2288 1300 2345 F

179 2378 216 2435 ad
239 2378 400 2436 veritatem
424 2379 561 2436 accedere
578 2378 708 2452 videtur,
734 2377 840 2436 ceteris
857 2381 958 2436 sutem
974 2377 1046 2440 locis
1063 2376 1201 2436 omnibus
1217 2377 1300 2454 frag-

179 2468 316 2524 mentum
339 2464 414 2523 illud
432 2465 594 2542 genuinam
617 2466 798 2540 scripturam
815 2466 952 2526 exhibere
972 2469 1017 2526 est
1034 2465 1301 2536 evidentissimum,

180 2553 211 2611 in
236 2574 270 2612 ea
294 2572 416 2629 quoque
439 2554 607 2612 carminum
629 2554 870 2614 Tibullianorum
893 2557 988 2631 parte,
1013 2555 1044 2612 in
1068 2575 1129 2630 qua
1153 2555 1299 2615 codicisF

180 2642 312 2701 subsidio
337 2661 441 2702 sumus
465 2643 614 2715 destituti,
639 2644 713 2719 quin
737 2645 830 2702 nostri
853 2645 924 2704 libri
946 2643 1144 2703 multifariam
1167 2645 1300 2720 interpo-

178 2732 342 2791 lationibus
357 2733 418 2791 sint
434 2733 594 2808 inquinati,
619 2733 736 2792 diutius
759 2734 893 2793 dubitari
915 2733 1030 2810 nequit.
1067 2733 1153 2793 Unde
1177 2737 1301 2810 apparet

179 2824 270 2896 atquc
303 2823 404 2892 extat,
439 2822 587 2897 duplicem
620 2823 725 2898 primis
755 2823 846 2883 medii
878 2823 944 2883 aevi
979 2823 1104 2883 saeculis
1136 2823 1301 2882 Tibulliani

135 2945 138 2952 .
178 2909 273 2970 libelli
295 2911 495 2982 recensionem
517 2913 548 2970 in
571 2913 726 2971 hominum
750 2913 889 2972 manibus
912 2912 1015 2983 fuisse,
1041 2913 1166 2971 alteram
1183 2933 1217 2973 ex
1241 2934 1301 2989 que

178 3001 382 3076 fragmentum
398 3000 593 3061 Ouiacianum
608 3002 707 3073 fiuxit,
732 3001 812 3060 omni
827 3001 888 3060 fere
912 3002 1143 3076 interpolatione
1164 3021 1299 3071 vacuam,

181 3089 317 3158 alteram,
342 3089 421 3147 unde
444 3091 540 3149 nostri
563 3091 632 3150 libri
656 3091 783 3167 profecti
806 3093 878 3149 sunt
902 3109 1020 3162 omneS,
1045 3091 1183 3150 omnibus
1205 3092 1300 3150 modis

181 3177 353 3250 corruptam
388 3181 479 3252 atque
521 3182 728 3251 obscuratam,
761 3202 778 3239 a
810 3181 1004 3258 grammatico
1037 3181 1166 3256 quodam
1199 3181 1301 3256 pravis

181 3265 356 3324 commentis
380 3265 522 3326 refectam
546 3271 575 3327 et
597 3269 818 3344 interpolatam.

268 3353 350 3414 Huic
373 3357 536 3415 recensioni
569 3378 641 3416 num
674 3359 748 3434 quid
777 3359 853 3418 lucis
884 3360 920 3417 ab
954 3359 1099 3435 excerptis
1122 3359 1300 3419 Tibullianis

180 3443 363 3520 offundatur,
388 3464 467 3505 nunc
489 3447 575 3504 nobis
606 3448 664 3507 erit
695 3449 908 3524 quaerendum.
956 3449 1001 3506 Ac
1024 3448 1155 3523 primum
1179 3449 1300 3524 quidem

180 3552 256 3608 quae
280 3534 445 3594 auctoritas
470 3536 614 3611 excerptis
627 3537 866 3615 Frisingensibus
881 3537 1043 3596 tribuenda
1059 3539 1109 3613 sit,
1133 3537 1298 3600 videamus,

270 3763 296 3830 1)
315 3767 443 3836 Exempli
471 3767 565 3836 gratia
591 3767 707 3821 afferam
729 3769 776 3834 IV,
799 3770 821 3834 1,
842 3769 883 3822 60.
903 3769 940 3822 F:
969 3768 1067 3838 erigit,
1097 3769 1183 3823 ceteri
1210 3771 1299 3823 recte:

181 3836 289 3906 irrigat,
314 3837 362 3902 IV,
384 3839 406 3902 l,
427 3838 477 3890 168
496 3838 531 3891 F:
560 3839 686 3905 alteram,
713 3841 811 3896 ceteri:
840 3841 927 3905 alter3
954 3839 1002 3906 IV,
1026 3841 1047 3906 1,
1068 3840 1119 3894 193
1138 3842 1174 3898 F:
1201 3841 1298 3907 ausim,

180 3908 279 3966 ceteri:
300 3909 452 3978 30313110,
