3240 5006
645 469 862 530 -53-

194 665 261 704 nem
293 645 453 708 duxerunt.
509 643 592 702 Idem
626 643 702 702 liber
749 642 874 702 tertium
910 646 1113 718 quartumque
1147 643 1312 702 carminum

194 734 326 794 libellum
358 754 427 793 oum
457 733 552 792 altero
583 732 756 791 coniunctos
790 731 957 791 exhibuisse
981 731 1110 803 videtur,
1136 752 1206 791 cum
1229 733 1311 790 fiori-

193 824 305 900 legium
338 823 480 901 gallicum
507 840 608 880 omnes
638 820 816 900 libricertii
839 839 943 880 versus
967 822 1096 880 secundo
1120 821 1238 880 tribuat
1262 842 1311 881 ex-

192 913 361 988 cerptisque
383 911 455 970 libri
486 911 587 986 quarti
610 911 690 970 hunc
713 911 809 969 solum
833 910 961 968 titulum
989 911 1206 988 „panegyricus
1232 911 1310 969 Mes-

190 1002 289 1061 salae“
326 1001 375 1068 (In
403 1000 581 1077 panagorico
616 1000 739 1073 mesale,
771 1001 822 1072 n),
847 1002 1019 1074 praeponat.
1068 997 1134 1068 Qua
1162 1000 1199 1058 de
1222 1019 1315 1074 causa

189 1091 280 1150 codex
303 1089 355 1148 ille
378 1108 468 1166 quem
491 1089 531 1147 M.
558 1087 712 1163 Hauptius
742 1088 773 1145 in
805 1088 940 1164 catalogo
964 1091 1064 1148 vetere
1095 1089 1205 1148 saeculi
1228 1089 1272 1147 IX
1287 1088 1311 1168 ¹)

189 1178 377 1238 nominatum
409 1178 557 1253 repperit:
591 1177 693 1252 „Albii
716 1176 829 1236 Tibulli
856 1177 907 1236 lib.
933 1176 982 1234 II“
1019 1178 1056 1235 ad
1088 1177 1163 1237 hanc
1187 1179 1311 1253 stirpem

189 1268 339 1344 pertinere
363 1267 525 1326 censendus
542 1269 597 1337 est,
621 1285 679 1324 non
697 1267 733 1324 ad
750 1266 900 1341 exemplar
917 1266 1039 1341 aliquod
1054 1266 1309 1342 antiquissimum,

190 1357 220 1414 in
259 1375 320 1432 quo
364 1355 495 1416 carmina
533 1355 809 1430 pseudotibulliana
852 1355 954 1432 elegiis
993 1356 1141 1432 germanis
1179 1357 1311 1414 nondum

190 1445 303 1504 fuerint
326 1446 450 1504 adiecta.
496 1445 574 1502 Nam
597 1444 627 1501 in
652 1444 757 1503 ceteris
781 1461 901 1520 quoque
925 1444 1076 1503 codicibus
1100 1445 1212 1522 elegiae
1228 1445 1310 1522 Lyg-

190 1534 269 1593 dami
292 1538 397 1616 postea
421 1555 438 1592 a
462 1533 594 1592 librariis
618 1533 659 1591 ais
683 1533 736 1608 qui
758 1533 889 1607 primum
912 1533 1025 1592 librum
1041 1533 1155 1604 Deliae,
1181 1535 1311 1593 alterum

190 1623 310 1687 Nemesi
342 1624 477 1682 deditum
502 1623 660 1692 videbant,
689 1622 765 1680 liber
796 1621 905 1680 tertius
935 1623 972 1682 de
1003 1623 1155 1681 amoribus
1178 1623 1311 1682 Neaerae

189 1713 347 1788 inscriptae
377 1731 439 1772 essa
474 1711 633 1783 videntur,
667 1711 793 1770 necdum
824 1711 943 1769 omnino
976 1711 1107 1770 carmina
1137 1713 1209 1771 haec
1240 1711 1310 1770 libri

189 1801 274 1860 tertii
308 1821 341 1860 ao
375 1801 494 1878 quarti,
533 1800 563 1858 id
599 1800 679 1878 quod
707 1800 904 1858 Baehrensius
939 1800 968 1857 in
1000 1800 1102 1859 libello
1133 1819 1187 1859 suo
1224 1800 1308 1875 „Tib

191 1891 321 1949 blatter“
347 1911 395 1970 pg.
419 1897 458 1954 47
484 1909 548 1965 sqq.
575 1889 710 1948 evincere
733 1888 863 1962 studuit,
888 1889 1046 1964 separatim
1072 1909 1088 1946 a
1112 1889 1188 1949 libro
1213 1891 1308 1950 altero

192 1979 269 2037 edita
292 1998 353 2039 esse
376 1981 462 2056 plane
487 1980 612 2038 constat.

278 2085 358 2146 Haec
390 2087 486 2165 igitur
519 2086 555 2144 de
590 2085 683 2160 stirpe
718 2085 825 2144 codicis
857 2083 880 2144 Ο
919 2088 1045 2159 possunt
1081 2085 1235 2156 concludi;
1271 2087 1307 2145 de

192 2173 348 2235 Ouiaciano
372 2196 441 2235 varo
465 2175 516 2234 vix
549 2175 623 2234 certi
656 2175 823 2250 quidquam
852 2174 1032 2237 invenietur.
1080 2175 1140 2234 Ubi
1170 2175 1248 2233 enim
1272 2177 1308 2234 ad

186 2262 210 2322 O
235 2266 398 2325 adventum
429 2264 487 2336 sit,
519 2266 599 2322 recte
630 2263 674 2322 ait
706 2263 947 2338 Baehrensius,²)
981 2264 1063 2322 omni
1093 2265 1143 2324 via
1177 2265 1309 2339 praecisa

185 2355 410 2414 subsistendum
443 2372 504 2412 esse
528 2353 555 2412 ei
586 2353 639 2428 qui
668 2371 744 2427 quae
768 2352 831 2410 fata
854 2355 959 2426 poetae
983 2353 1078 2412 nostri
1102 2353 1233 2412 carmina
1256 2374 1309 2429 per

189 2443 349 2517 antiquum
381 2442 571 2517 mediumque
603 2461 711 2500 aevum
735 2440 899 2511 subierint,
931 2443 1037 2516 procul
1062 2443 1173 2500 habitis
1198 2443 1307 2501 ariola-

189 2530 322 2590 tionibus
347 2530 498 2604 explorare
521 2531 612 2601 velit3
645 2531 777 2606 adeoque
802 2530 908 2589 abhinc
932 2530 1031 2589 omnia
1054 2531 1154 2605 spissis
1178 2532 1308 2590 tenebris

191 2637 252 2677 esse
276 2620 395 2692 obruta,
420 2622 455 2678 ut
477 2639 574 2695 neque
598 2619 779 2694 quibusnam
811 2619 997 2696 cognationis
1026 2621 1171 2698 gradibus
1195 2619 1219 2678 0
1244 2640 1260 2678 a
1284 2621 1307 2678 F

190 2710 219 2766 et
243 2709 319 2768 Fris.
344 2711 502 2786 tangatur,
534 2728 631 2784 neque
654 2727 725 2766 vero
750 2729 783 2767 ea
808 2729 885 2784 quae
907 2709 991 2767 ultra
1014 2711 1067 2768 hos
1089 2709 1182 2768 libros
1207 2728 1307 2768 ascen-

186 2797 260 2855 dant
291 2801 425 2873 tempora
456 2798 599 2873 dispicere
623 2797 779 2872 possimus.
826 2797 892 2858 Hoc
924 2801 1045 2857 tantum
1077 2799 1147 2858 lieet
1181 2799 1306 2873 opinari,

186 2886 388 2965 Frisingensia
411 2908 446 2947 ex
469 2888 546 2946 libro
570 2886 678 2946 codicis
703 2885 727 2945 Ο
759 2887 849 2945 simili
878 2887 1051 2964 pariterque
1081 2889 1221 2947 lacunoso
1246 2907 1307 2947 esse

185 2981 341 3052 excerpta3
378 2977 513 3052 alioquin
544 2975 622 3033 enim
652 2976 705 3034 illa
729 2995 849 3035 versum
874 2996 994 3052 quoque
1018 2978 1225 3036 hexametrum
1248 2977 1305 3050 ΙΙΙ,

186 3069 216 3134 4,
243 3071 283 3127 65
307 3085 369 3122 una
394 3085 463 3123 eum
485 3066 673 3139 pentametro
698 3065 881 3124 exhiberent.

189 3256 222 3268 ..
274 3169 381 3228 Restat
411 3174 449 3229 ut
480 3173 604 3230 stemma
636 3173 772 3232 codicum
803 3174 901 3248 quoad
931 3173 1074 3232 constitui
1104 3176 1203 3250 potest
1234 3176 1305 3233 sub-

187 3276 321 3322 uramus.

456 3438 487 3502 r,
850 3434 906 3517 (Ω)

722 3525 1041 3568 κ--ῖὴ--κ

748 3580 797 3659 (Ο)
944 3582 1019 3640 Fris

609 3668 928 3708 μ--κκ--η

637 3725 688 3801 (Χ)
852 3724 902 3799 (Y)

545 3813 758 3858 f—-d--5
772 3811 1038 3858 f—dhn——„

565 3866 633 3930 Par.
784 3867 830 3948 (Z)
877 3868 905 3926 A
996 3870 1021 3926 V

467 3953 590 4006 V
758 3957 890 4000 ssl

379 4016 383 4022 '
705 4008 905 4120 {Ksed}

270 4260 296 4327 1)
315 4261 435 4316 Hermae
454 4262 640 4320 Berolinensis
659 4266 712 4320 vol.
731 4265 779 4332 Ill,
799 4287 845 4338 pg.
866 4268 925 4323 221.

268 4360 295 4429 2)
314 4363 381 4418 edit.
400 4364 461 4417 Tib.
481 4366 587 4437 proleg.
606 4386 653 4437 pg.
673 4367 724 4420 XX
742 4386 782 4437 sq.
