3240 5006
756 413 975 474 -60-

395 585 459 644 lam
492 586 565 662 quid
597 587 634 646 de
664 587 755 646 tertia
778 606 923 647 versuum
953 588 1204 665 transpositorum
1232 588 1429 648 commissura

306 675 499 734 iudicandum
523 676 572 749 sit,
597 675 769 736 videamus:

395 781 536 840 Richtero
560 800 665 840 versus
691 787 766 845 24⁰¹*
789 785 819 842 et
844 787 921 846 33¹¹¹¹
944 783 1059 857 placuit
1083 784 1278 860 coniungere:

346 870 456 948 „Agna
479 871 565 931 cadet
587 872 672 930 vobis
697 870 852 952 (Laribus)
876 891 966 947 quam
989 873 1103 932 circum
1125 873 1237 931 rustica
1260 876 1356 949 pubes

395 959 522 1018 Clamet:
548 959 576 1018 io
600 978 708 1020 messes
733 964 762 1019 et
785 962 863 1019 bona
887 961 957 1019 vina
979 962 1059 1020 date.

351 1046 393 1106 At
416 1066 469 1107 vos
494 1048 602 1126 exiguo
625 1049 735 1124 pecori,
759 1049 903 1125 furesque
925 1050 1061 1126 lupique,

394 1137 530 1208 Parcite;
555 1138 590 1197 de
614 1157 722 1216 magno
746 1141 791 1200 est
814 1139 923 1214 praeda
946 1140 1073 1215 petenda
1097 1143 1218 1217 grege.“

305 1251 445 1311 sednon
470 1255 514 1312 est
538 1253 665 1313 dubium
697 1254 770 1329 quin
799 1255 859 1313 ista
882 1273 1026 1314 versuum
1049 1254 1221 1314 coniunctio
1244 1273 1303 1313 non
1326 1256 1427 1316 minus

306 1361 410 1417 aspera
434 1345 525 1417 atque
547 1343 720 1418 importuna
744 1343 783 1402 sit
807 1362 897 1419 quam
921 1364 998 1421 quae
1022 1344 1053 1403 in
1076 1344 1230 1404 codicibus
1254 1345 1326 1419 ipsis
1344 1348 1427 1404 extat

304 1431 465 1490 tralaticia.

393 1520 438 1580 De
461 1518 564 1579 Haasii
588 1521 736 1580 sententia
759 1539 863 1580 versus
888 1526 929 1584 24
954 1523 984 1580 et
1008 1527 1083 1586 35um
1106 1522 1186 1581 inter
1215 1541 1246 1580 se
1269 1528 1425 1584 conecten-

304 1609 344 1668 tis
376 1613 456 1669 recte
488 1609 630 1668 disseruit
654 1611 813 1670 Richterus
845 1630 895 1687 pg.
923 1616 940 1674 5
965 1629 1027 1685 sq,
1061 1611 1115 1686 qui
1139 1611 1185 1669 vir
1215 1611 1322 1672 doctus
1353 1614 1426 1674 haec

304 1699 432 1758 disticha
456 1704 585 1763 19-24
610 1701 639 1757 et
653 1705 704 1764 -35
729 1719 772 1776 sq.
798 1700 936 1759 omnibus
960 1700 1106 1760 machinis
1130 1700 1230 1776 potius
1254 1702 1426 1762 dissecando

304 1809 395 1865 quam
420 1788 575 1847 conflanda
599 1788 724 1851 censuit.

393 1877 500 1936 Restat
522 1877 619 1954 igitur
643 1897 735 1952 quam
757 1877 957 1937 Baehreneius
973 1876 1170 1953 Prieniusquc
1193 1884 1423 1954 proposuerunt,

299 1984 446 2040 ¹versuum
485 1971 525 2030 23
562 1985 605 2041 sq.
641 1986 709 2025 cum
741 1972 781 2030 37
807 1985 851 2041 sq.
887 1967 1067 2027 coniunctio.
1127 1966 1210 2037 Quae
1244 1987 1423 2045 quamquam

303 2055 430 2114 maxime
454 2055 588 2113 omnium
611 2054 733 2114 videtur
763 2055 906 2114 concinna
930 2089 970 2098 -
996 2075 1066 2114 nam
1089 2056 1278 2133 singulorum
1300 2058 1421 2117 deorum

304 2145 391 2203 cultu
427 2146 564 2202 enarratu
598 2163 658 2202 una
694 2144 953 2218 comprehensione
986 2163 1086 2203 omnes
1122 2145 1242 2216 caelites
1277 2146 1418 2221 agricolas

304 2233 502 2309 complectens
525 2232 637 2307 optime
661 2251 750 2292 versu
776 2238 815 2297 37
841 2233 884 2292 sic
907 2252 1030 2310 pergere
1054 2234 1156 2309 potuit
1179 2238 1274 2310 poeta:

509 2339 633 2412 Aesius,
658 2339 731 2410 divi,
756 2359 815 2399 neu
838 2358 891 2398 vos
916 2359 931 2398 e
954 2360 1086 2415 paupere
1109 2360 1211 2400 mensa

553 2428 638 2487 Dona
661 2447 715 2488 nec
741 2429 862 2504 epuiis
885 2429 1016 2505 spernite
1037 2429 1182 2488 fictilibus
1199 2465 1234 2474 —

304 2548 404 2604 tamen
439 2544 496 2603 nisi
532 2545 607 2603 aliae
641 2544 903 2604 transmutationis
938 2563 1044 2604 causae
1079 2545 1240 2614 accedunt,
1274 2563 1334 2602 una
1367 2542 1422 2602 hac

303 2633 481 2692 transitione
514 2635 682 2709 opportuna
705 2651 810 2692 versus
843 2651 891 2692 eos
923 2634 959 2692 de
988 2635 1099 2708 quibus
1127 2634 1248 2711 agitur,
1280 2633 1312 2690 in
1341 2632 1424 2691 libris

303 2723 423 2798 scriptis
447 2723 542 2781 alieno
566 2722 629 2781 loco
654 2724 756 2780 extare
779 2722 864 2781 nobis
887 2723 1009 2797 probari
1024 2723 1140 2798 nequit,
1165 2722 1341 2797 praesertim
1358 2741 1425 2780 cum

302 2814 405 2872 tantas
429 2811 602 2870 offensiones
626 2831 661 2870 ex
684 2811 860 2869 traiectione
884 2811 1080 2870 distichorum
1103 2811 1266 2870 viderimus
1291 2810 1373 2874 oriri,

393 2899 459 2969 Qua
483 2901 518 2958 de
541 2919 574 2958 re
597 2920 634 2959 ne
657 2898 755 2958 Prieni
770 2899 792 2976 ¹)
824 2900 945 2975 quidem
976 2901 1140 2959 sententiae
1168 2903 1204 2960 ut
1226 2899 1426 2958 assentiamur

304 3008 463 3065 possumus
495 2989 605 3052 induci.
652 2988 708 3048 Hic
740 2989 819 3048 enim
841 2989 888 3049 vir
919 2990 1024 3048 doctus
1048 3011 1065 3048 a
1089 2989 1233 3067 Scaligeri
1259 2987 1425 3063 transposi-

302 3080 435 3138 tionibus
465 3078 617 3153 profeotus
647 3097 752 3137 versus
788 3083 915 3141 19—24
947 3082 1015 3137 ante
1040 3084 1079 3143 37
1104 3079 1288 3149 inserendos,
1320 3095 1426 3136 versus

304 3172 406 3228 autem
431 3173 447 3228 7
474 3187 517 3242 sq.
544 3169 574 3226 et
599 3172 639 3230 33
664 3185 706 3242 sq.
731 3170 768 3226 ut
799 3167 1009 3242 suppositioios
1040 3168 1185 3227 eiciendos
1211 3185 1273 3226 esse
1296 3166 1423 3226 censuit.

302 3257 345 3316 At
368 3258 399 3314 in
423 3261 530 3316 neutro
553 3257 660 3314 horum
686 3256 882 3315 distichorum
906 3257 1072 3331 quidquam
1096 3257 1191 3332 spurii
1222 3257 1317 3315 inesse
1340 3255 1423 3314 vide-

302 3348 372 3418 tur;
397 3365 500 3406 versus
524 3349 604 3405 certe
626 3350 665 3409 33
691 3363 734 3421 sq.
760 3364 818 3404 non
842 3350 964 3420 propter
986 3346 1042 3406 hoc
1065 3365 1160 3404 unum
1183 3345 1293 3404 reicere
1317 3362 1422 3420 possu-

302 3454 379 3506 mne,
405 3437 485 3510 quod
507 3435 586 3493 inter
610 3437 717 3493 votum
739 3437 844 3509 poetae
868 3435 947 3509 quod
971 3455 999 3492 v.
1019 3440 1059 3498 25
1084 3435 1273 3493 contineatur
1296 3433 1424 3510 (Possim

303 3529 460 3584 contentus
483 3524 584 3583 vivere
607 3526 713 3599 paruo)
746 3525 776 3582 et
808 3542 928 3583 causam
952 3524 1033 3594 voti,
1067 3543 1158 3599 quarn
1182 3543 1210 3582 v.
1237 3527 1278 3586 35
1303 3541 1347 3599 sq.
1373 3541 1423 3581 ex-

302 3614 373 3689 poni
398 3614 441 3672 ait
456 3613 503 3673 vir
519 3613 625 3672 doctus
650 3612 721 3687 (Hic
745 3631 799 3689 ego
823 3616 1034 3689 pastoremque
1056 3632 1157 3671 meum
1180 3613 1309 3671 lustrare
1333 3613 1423 3686 quot-

302 3704 386 3762 annis
418 3705 487 3779 etc.)
519 3702 564 3760 illi
592 3702 652 3760 sint
683 3702 895 3776 inopportuni;
930 3721 1021 3777 quam
1044 3720 1114 3760 vero
1146 3704 1184 3761 ob
1214 3720 1278 3759 rem
1306 3700 1422 3759 eosdem

303 3811 406 3852 versus
431 3793 526 3851 totius
550 3790 690 3852 carminis
723 3791 887 3850 sententiae
915 3790 1076 3866 primariae
1104 3788 1252 3869 (versibus
1278 3792 1421 3861 25—28)

302 3896 469 3959 repugnare
494 3883 614 3941 censeat
636 3881 697 3950 ille,
722 3880 896 3957 intellegere
912 3899 1045 3956 nequeo;
1069 3880 1159 3938 immo
1183 3879 1296 3953 optime
1319 3897 1423 3937 curam

303 3991 367 4031 eam
391 3990 481 4047 quam
505 3971 535 4028 in
559 3990 652 4045 parvo
685 3989 739 4028 suo
770 3988 861 4046 grege
891 3974 979 4043 poeta
1011 3987 1182 4027 consumere
1206 3986 1268 4027 sese
1292 3967 1423 4026 ostendit

303 4063 344 4136 (v.
371 4060 527 4139 29—32)‚
555 4059 703 4118 illustrari
726 4058 787 4116 illis
810 4058 955 4117 videmus¹
975 4093 1014 4101 —
1038 4057 1144 4132 Neque
1167 4057 1304 4116 versibus
1329 4062 1421 4131 7sq.,

392 4254 419 4321 1)
439 4253 612 4308 Fleckeiseni
631 4271 695 4306 ann.
715 4254 768 4306 vol.
788 4252 860 4317 XVl‚
883 4250 959 4317 1870,
977 4270 1024 4320 pg.
1044 4250 1095 4303 689
1116 4269 1175 4319 sqq.
