3240 5006
662 375 880 435 ..39ἑ

207 552 291 620 5555,
323 551 359 608 55
390 568 474 608 nemo
508 549 581 625 quin
614 550 651 608 ab
683 547 802 608 homine
826 549 928 624 paullo
961 548 1094 609 doctiore
1127 548 1256 608 inveniri
1279 570 1332 625 po·

207 638 334 710 tuerint,
359 637 434 697 velit
456 639 613 699 dubitare:
638 637 669 695 in
692 656 875 714 unoquoque
910 638 989 697 anim
1012 638 1076 698 loco
1101 641 1130 697 et
1153 638 1331 716 mutationis

208 746 300 788 causa
316 729 440 803 apparet
456 731 486 787 et
508 747 585 804 quae
608 746 679 787 vere
703 733 795 804 atque
818 747 959 805 germana
983 727 1022 787 sit
1045 727 1144 799 lentie,
1170 747 1205 786 ox
1228 747 1332 787 versus

209 817 271 876 sive
296 817 444 876 sententia
467 817 530 876 sive
554 819 648 876 metro
664 816 862 894 intellegitur.
900 815 1036 886 Quadere
1053 816 1227 892 quicunque
1247 818 1332 876 novit

210 926 301 982 quam
324 905 435 983 insigni
457 905 571 983 ingenii
594 906 655 965 acie
679 905 846 982 eximiaque
874 906 1068 965 divinationis
1091 905 1238 966 facultate
1260 905 1330 964 Itali

208 995 253 1053 illi
285 995 366 1054 docti
398 996 535 1056 veterum
567 995 660 1055 libros
691 995 861 1070 saepissime
895 995 1118 1055 emendaverint
1151 1014 1184 1054 ac
1216 1000 1331 1071 quanta

208 1084 405 1160 epistolarum
436 1083 606 1160 frequentia
630 1084 849 1144 emendationes
880 1102 951 1143 suas
975 1085 1052 1143 alius
1076 1102 1145 1143 cum
1168 1084 1226 1143 alio
1251 1103 1330 1144 com-

207 1172 447 1243 municaverint,
478 1174 560 1242 ultro
591 1193 660 1232 eum
683 1173 798 1232 subibit
822 1173 975 1250 cogitatio,
1000 1174 1114 1234 codices
1137 1169 1173 1230 Αι
1196 1175 1226 1233 55
1249 1173 1271 1232 O
1295 1193 1330 1232 ex

181 1255 183 1258 ⁴
207 1261 343 1340 integrae
365 1261 449 1321 illius
471 1261 604 1322 familiae
626 1262 654 1320 Y
673 1262 772 1322 codice
796 1263 896 1338 aliquo
921 1281 983 1323 esse
1006 1263 1164 1339 profectos,
1188 1263 1329 1322 lectiones

210 1354 312 1410 autem
344 1369 419 1427 quas
450 1369 542 1427 supra
576 1351 769 1423 atttulimus‚
799 1351 948 1410 Italorum
980 1370 1086 1429 operae
1117 1351 1219 1410 deberi
1242 1372 1329 1427 prae-

209 1439 428 1515 clarissimae1).
477 1438 559 1509 Quae
590 1441 739 1500 sententia
777 1461 870 1516 paene
902 1441 1126 1502 manufestatur
1162 1459 1212 1514 eo,
1249 1441 1329 1516 quod

207 1530 297 1590 codex
320 1529 514 1590 Eboracensis
538 1530 655 1606 saepius
688 1549 756 1590 cum
779 1530 984 1608 singularibus
1007 1529 1201 1591 Ambrosiani
1224 1530 1328 1590 lectio-

205 1619 294 1679 nibus
318 1618 485 1693 conspirat,
519 1620 605 1678 velut
636 1618 660 1692 Ι,
689 1624 716 1690 l,
746 1624 795 1685 19.
820 1624 850 1690 6,
876 1625 905 1684 2.
932 1626 961 1691 7,
987 1625 1039 1684 55.
1065 1625 1094 1694 8,
1121 1623 1150 1680 2.
1177 1623 1206 1689 9,
1232 1625 1261 1683 3.
1286 1619 1328 1692 ΙΙ,

208 1715 235 1783 l,
262 1713 314 1773 67.
359 1713 389 1781 2,
417 1711 467 1771 19.
512 1713 541 1780 3,
571 1713 623 1772 80.
649 1713 679 1779 4,
711 1713 763 1773 43.
810 1706 868 1782 ΠΙ,
903 1713 933 1781 6,
958 1713 1010 1774 26.
1068 1709 1198 1768 Videtur
1231 1707 1329 1786 igitur

205 1796 465 1856 Lachmannianus
481 1793 517 1854 Αι
540 1817 577 1860 eu
589 1795 795 1856 BaehrensiA
818 1797 867 1856 vel
891 1797 955 1856 eius
978 1797 1129 1858 simillimo
1154 1817 1207 1872 per
1230 1797 1328 1856 varios

209 1886 319 1964 gradus
340 1885 470 1948 fluxisse.

296 1973 352 2033 Sed
373 1975 453 2034 idem
477 1993 545 2034 cum
569 1973 667 2035 codice
682 1973 901 2034 Baehrensiauo
925 1972 1058 2034 Ghabet
1081 1992 1252 2034 communes
1267 1995 1327 2035 non

206 2063 251 2122 ita
273 2082 380 2138 paucas
404 2063 547 2123 lectiones
571 2083 649 2139 quae
672 2065 703 2122 in
725 2065 810 2123 nullo
830 2063 1018 2140 reliquorum
1039 2063 1187 2124 librorum
1210 2065 1326 2125 inveni·

206 2154 311 2223 untur,
344 2154 443 2213 velut:
475 2153 504 2224 I,
533 2158 650 2224 1,37:
685 2157 807 2212 e-et
830 2153 890 2210 AV
911 2154 1003 2213 -de
1035 2151 1066 2218 G.
1099 2159 1128 2225 2,
1163 2159 1204 2218 54
1238 2157 1340 2232 (52):¹

203 2242 377 2302 hecates-
398 2243 520 2302 hecatae
542 2241 611 2300 ΥΟ.
638 2247 667 2316 5,
695 2248 753 2306 16:
779 2243 892 2303 circum
912 2276 947 2286 -
967 2243 1085 2302 chreme
1106 2243 1154 2302 vel
1170 2263 1266 2304 creme
1282 2245 1325 2319 (id

203 2334 249 2390 est
271 2331 394 2407 triviae)
417 2331 454 2390 Y.
492 2336 521 2402 8,
548 2335 609 2395 58:
645 2334 683 2390 ut
704 2334 851 2391 ne-ut
875 2350 928 2390 nec
957 2330 1025 2390 Yc.
1062 2331 1104 2405 ΙΙ,
1140 2339 1167 2403 1,
1195 2338 1231 2397 9:
1265 2334 1326 2393 sint

208 2423 336 2479 —sunt
359 2419 427 2482 ΥΟ.
467 2424 494 2494 1,
520 2424 579 2482 45:
612 2419 715 2478 Aurea
735 2454 775 2463 —
798 2419 897 2478 Antea
919 2418 988 2478 YG.
1014 2424 1044 2490 3,
1070 2424 1130 2483 30:
1155 2420 1326 2482 Phiton-

205 2508 298 2584 phito,
321 2508 390 2570 Yc.
424 2513 454 2578 3,
481 2513 521 2573 62
546 2507 635 2586 (59);
661 2528 751 2584 quem
770 2542 803 2551 -
820 2528 896 2585 quae
918 2507 985 2567 ΥΟ.
1011 2513 1040 2579 5,
1067 2513 1126 2573 69τ
1152 2508 1324 2593 Quasqum)

205 2597 348 2674 Quodque
367 2633 405 2642 -
422 2597 489 2657 ΥΟ.
516 2603 545 2668 5,
564 2602 623 2661 71:
645 2597 810 2680 cometeu2)
837 2633 871 2641 —
895 2601 1041 2658 cometem
1061 2597 1130 2657 Yc.
1156 2599 1213 2672 ΠΙ,
1237 2606 1266 2671 3,
1286 2606 1322 2664 7:

202 2687 374 2764 sociarem2)
396 2723 436 2731 —
459 2686 605 2747 sociarent
620 2685 687 2745 Yc.
709 2693 738 2761 3,
753 2692 813 2751 29:
838 2686 906 2746 Non
920 2689 1002 2763 (cum
1014 2686 1097 2764 Par.)
1118 2723 1157 2732 -
1169 2687 1198 2745 N
1200 2708 1232 2748 ec
1243 2689 1278 2747 Y.
1293 2694 1322 2762 4,

203 2781 241 2840 9:
266 2777 386 2836 varium
409 2776 464 2849 (Gz
488 2774 613 2856 vanum)
630 2779 759 2836 ventura
779 2811 813 2820 -
834 2779 941 2836 natum
957 2780 1092 2836 maturas
1107 2777 1136 2834 Y
1147 2776 1178 2836 O.
1205 2783 1234 2852 4,
1262 2783 1321 2850 50:

202 2863 379 2944 Quodquel)
400 2899 434 2910 -
455 2865 592 2941 Quidque
615 2864 682 2924 ΥΟ.
717 2865 771 2936 IV,
798 2870 827 2940 6,
855 2871 891 2930 5:
924 2866 1049 2925 ornandi
1078 2901 1111 2909 —
1142 2867 1246 2926 orandi
1261 2866 1322 2926 ΥΟ.

203 2959 232 3026 6,
260 2959 317 3018 1οε
352 2956 494 3030 cuiquam
518 2955 692 3014 -cuidam
715 2954 782 3017 ΥΟ.
820 2961 849 3028 7,
875 2960 909 3020 8:
934 2955 1102 3015 Ne-Me
1125 2954 1193 3014 ΥΟ.
1241 2955 1323 3026 Quae

121 3047 128 3052 “
200 3061 249 3104 res
272 3044 316 3102 ita
335 3043 448 3119 optime
463 3043 536 3102 mihi
553 3044 674 3104 videtur
690 3043 842 3119 explicari,
866 3047 903 3103 ut
926 3043 1017 3103 etiam
1040 3044 1164 3103 alterius
1188 3045 1320 3106 familiae

201 3133 333 3193 codicem
356 3132 486 3208 aliquem
509 3153 527 3190 a
549 3133 673 3192 librario
697 3133 761 3192 eius
785 3133 855 3192 libri
879 3153 914 3192 ex
930 3152 990 3209 quo
1006 3133 1199 3193 Eboracensis
1222 3134 1321 3207 fluxit,

200 3222 250 3282 hic
282 3224 313 3281 et
335 3221 397 3280 illic
421 3239 482 3280 5555
506 3221 676 3281 adhibitum
700 3226 791 3299 atque
823 3221 1007 3300 singularem
1030 3223 1109 3282 hunc
1133 3223 1262 3282 codicem
1287 3244 1322 3284 ex

201 3311 319 3371 duabus
349 3309 472 3368 familiis
504 3328 565 3369 esse
593 3314 694 3369 ortum
726 3329 881 3387 ponamus.
929 3310 998 3372 Sine
1030 3311 1121 3371 dubio
1145 3315 1249 3372 autem
1273 3333 1321 3373 55-

200 3400 301 3460 dicum
324 3400 406 3459 A-et
429 3399 456 3455 V
480 3399 571 3474 stirps
595 3399 682 3477 longe
706 3400 823 3476 optinet
837 3400 1050 3477 principatum,
1075 3404 1112 3460 ut
1127 3401 1321 3462 Eboracensis

203 3509 220 3547 a
242 3489 378 3549 Parisino
402 3488 453 3548 vix
475 3487 593 3547 differat
617 3489 806 3554 auctoritate.

290 3578 391 3637 Unum
415 3580 470 3637 hoo
501 3577 556 3637 sibi
581 3577 673 3638 habet
695 3579 851 3654 proprium
875 3582 905 3639 et
928 3579 1096 3657 singulare,
1127 3581 1207 3657 quod
1241 3601 1319 3642 com·

203 3664 341 3740 pluribus
364 3668 436 3728 locis
459 3668 621 3728 varietates
643 3667 806 3727 lectionum
830 3669 933 3742 affert;
966 3688 1063 3746 neque
1086 3672 1188 3730 tamen
1210 3672 1265 3731 hac
1288 3691 1321 3730 re

202 3754 266 3814 eius
289 3758 421 3830 pretium
443 3761 583 3835 augetur.
630 3755 709 3816 Sunt
740 3757 818 3817 enim
847 3757 917 3818 illae
940 3761 994 3817 aut
1018 3777 1053 3818 ex
1075 3759 1189 3818 familia
1212 3759 1321 3820 codicis

291 3987 317 4054 l)
337 3989 417 4044 Certe
441 3988 574 4044 lectiones
599 3989 653 4043 hae
680 4006 737 4042 non
762 3988 854 4042 minue
883 4007 967 4057 quam
991 4007 1086 4044 versus
1110 3991 1159 4045 ille
1184 3991 1320 4060 Italorum

200 4061 389 4115 commenticii
408 4058 479 4130 (cap.
498 4061 533 4125 Π,
553 4058 569 4125 ξ
589 4058 615 4126 1)
634 4060 664 4113 in
682 4060 826 4131 publicam
843 4061 975 4116 notitiam
994 4061 1070 4116 abire
1089 4065 1248 4132 potuerunt.

288 4147 316 4216 2)
334 4149 385 4202 His
404 4149 471 4203 locis
490 4149 614 4204 dubitari
627 4166 708 4220 posse
721 4150 755 4204 de
768 4149 871 4204 codicis
884 4148 916 4202 A¹
936 4151 1082 4222 scriptura,
1102 4152 1176 4221 quod
1188 4153 1319 4208 Heinsius

199 4220 271 4274 nihil
291 4221 416 4285 adnotet,
435 4224 529 4275 monet
546 4221 583 4274 M.
603 4220 797 4275 Rothsteinius
815 4239 862 4290 pg.
883 4219 925 4275 43.
