3240 5006
773 351 992 412 „52-

408 525 500 585 Recte
523 525 619 602 igitur
640 525 793 586 Lucienus
817 524 980 584 Muellerus
994 524 1018 598 ¹)
1044 524 1170 592 censuit,
1195 524 1286 584 huius
1310 523 1448 584 familiae

320 615 498 690 exemplaria
522 615 661 690 (alteram
686 615 764 673 enim
787 632 846 672 non
862 617 1044 690 cognoverat
1060 614 1107 672 vir
1122 614 1241 692 doctus)
1267 617 1448 690 corruptam

318 705 414 782 magis
446 725 537 780 quam
567 704 778 780 interpolatam
809 704 948 763 exhibere
978 703 1176 778 scripturam3
1212 701 1448 779 Guelferbytani

319 796 423 854 contra
449 794 596 853 familiam
624 794 720 871 magis
744 793 957 868 interpolatam
981 813 1074 868 quam
1098 795 1272 868 corruptam
1295 811 1376 862 esse,
1411 813 1446 852 ex

319 883 360 942 eis
384 903 461 960 quae
485 902 577 958 supra
608 882 848 958 disputavimus,
881 884 1016 958 apparet.
1064 881 1159 952 Quam
1183 883 1220 941 ob
1244 902 1307 941 rem
1330 883 1447 940 iniuria

318 972 465 1032 Aemilius
489 971 687 1031 Baehrensius
701 971 725 1048 2)
750 972 805 1031 hoo
828 971 962 1047 posuisse
985 972 1116 1041 videtur,
1149 971 1202 1030 ubi
1226 968 1445 1047 Guelferbyta-

318 1079 375 1120 nus
400 1063 430 1120 et
453 1061 509 1119 AV
533 1061 612 1120 inter
635 1079 666 1119 se
689 1061 898 1130 dissentirent,
931 1061 977 1118 his
1001 1058 1063 1118 iere
1086 1060 1295 1132 diffidendum,
1328 1062 1368 1120 ab
1393 1061 1445 1119 illo

319 1153 422 1210 autem
452 1151 510 1209 nisi
541 1152 578 1209 ob
612 1169 718 1209 causas
751 1150 943 1228 gravissimas
975 1168 1033 1207 non
1065 1149 1263 1208 recedendum
1297 1148 1445 1226 illiusque

318 1240 483 1314 scripturas
507 1259 560 1314 pro
585 1224 733 1316 germa'nis
758 1240 923 1300 communis
946 1239 1108 1315 utriusque
1132 1239 1287 1314 archetypi
1304 1239 1443 1298 lectioni-

318 1331 374 1388 bus
404 1327 455 1410 (0)
487 1329 638 1389 habendas
671 1347 743 1388 esse.
797 1329 893 1387 Immo
923 1348 994 1387 vero
1018 1328 1073 1386 hoc
1107 1327 1138 1385 in
1170 1327 1239 1386 crisi
1272 1327 1443 1388 Tibulliana

318 1417 484 1477 lectitanda
508 1420 538 1476 in
570 1418 747 1478 universum
771 1419 829 1477 erit
852 1418 1031 1486 tenendum,
1062 1417 1237 1491 ubicunque
1260 1415 1442 1494 Guelferby-

318 1506 383 1566 tani
412 1507 554 1566 lectiones
585 1508 709 1584 gravius
738 1528 755 1564 a
786 1507 938 1568 codicibus
969 1505 1026 1563 AV
1057 1505 1244 1581 discrepant,
1280 1526 1373 1581 quam
1406 1509 1442 1566 ut

318 1597 425 1654 horum
449 1597 617 1672 scripturae
641 1616 676 1656 ox
699 1596 758 1654 illis
781 1597 896 1672 possint
919 1596 1069 1671 profectae
1102 1613 1163 1654 esse
1194 1615 1310 1668 errore,
1343 1596 1372 1655 id
1397 1600 1440 1654 est

317 1685 492 1760 ubicunque
515 1686 676 1744 meditatae
699 1685 938 1761 interpolationis
962 1686 1066 1744 subest
1089 1684 1227 1759 suspitio,
1261 1683 1438 1760 Guelferby-

318 1777 389 1833 tano
415 1793 477 1833 esse
500 1775 713 1842 diffidendum,
746 1776 918 1850 ubicunque
946 1776 1047 1832 autem
1070 1774 1216 1832 litterulis
1240 1776 1360 1832 tantum
1382 1774 1437 1830 im-

317 1862 461 1931 mutatis,
494 1863 525 1922 id
556 1867 602 1923 est
633 1863 790 1923 inscientia
821 1866 851 1923 et
881 1863 1074 1940 neglegentia
1104 1863 1273 1922 differentia
1306 1862 1435 1922 codicum

319 1955 422 2010 exorre
445 1951 584 2024 videtur,
618 1952 700 2011 illius
731 1951 793 2012 fere
824 1953 988 2028 scripturas
1012 1951 1165 2011 codicibus
1189 1951 1246 2009 AV
1271 1970 1332 2011 esse
1355 1955 1433 2010 ante-

318 2042 479 2116 ponendas.

408 2155 465 2214 sed
489 2156 561 2214 haec
585 2156 738 2214 hactenus.
787 2155 948 2214 Videamus
971 2156 1040 2226 iam,
1072 2176 1144 2214 num
1168 2156 1317 2215 historiam
1341 2154 1425 2212 libelli

318 2245 485 2345 Tibulliani
517 2244 653 2320 paullum
684 2245 812 2304 ulterius
841 2265 895 2320 per
924 2245 1057 2304 medium
1080 2264 1188 2304 aevum
1211 2244 1341 2321 persequi
1360 2259 1421 2316 pos·

320 2352 424 2397 srmus

569 2533 628 2586 Ill.
657 2532 785 2586 Stemma
802 2533 931 2586 codlcum
950 2533 1192 2590 leullluuorum.

411 2658 495 2730 Quae
518 2659 670 2718 Lucienus
693 2661 857 2720 Muellerus
888 2662 918 2718 in
951 2663 996 2721 ed.
1021 2663 1087 2724 Tib.
1112 2663 1205 2738 praef.
1231 2683 1282 2740 pg.
1308 2661 1355 2719 ΙΙΙ
1377 2679 1436 2735 sqq.

321 2750 356 2808 de
386 2749 500 2824 triplici
531 2750 698 2808 carminum
721 2748 961 2809 Tibullianorum
994 2751 1077 2811 fonte
1107 2774 1124 2811 a
1151 2753 1251 2812 codice
1280 2751 1439 2825 archetypo

320 2838 452 2913 quodam
477 2838 588 2896 saeculi
604 2837 680 2896 VIII
703 2841 769 2898 orto
792 2839 969 2914 disputavit,
995 2841 1074 2898 omni
1099 2841 1323 2916 probabilitatis
1347 2837 1441 2914 specie

321 2946 432 3000 carere,
457 2927 517 2985 iam
542 2946 577 2984 ex
602 2926 642 2985 eis
667 2945 744 3001 quae
768 2945 860 3002 supra
884 2928 920 2986 de
945 2930 1091 3004 excerptis
1107 2929 1250 2989 Parisinis
1274 2928 1441 2988 codicibus·

321 3035 380 3090 que
403 3016 621 3074 recentioribus
645 3016 849 3088 disseruimus
882 3021 1016 3092 apparet.
1064 3018 1148 3076 Nihil
1171 3020 1251 3078 enim
1273 3022 1328 3092 est,
1362 3016 1442 3092 quod

320 3104 503 3181 florilegium
528 3104 669 3180 gallicum
693 3125 728 3163 ex
751 3106 841 3164 tertio
866 3107 1038 3182 apographo
1063 3109 1203 3182 quodam,
1232 3108 1309 3167 libro
1334 3109 1442 3184 quarto

321 3195 444 3264 orbato,
477 3194 597 3251 fluxisse
632 3195 723 3269 atque
759 3198 898 3269 excerpta
933 3196 1109 3273 panegyrici
1143 3217 1178 3256 ex
1214 3197 1308 3256 altero
1344 3215 1443 3254 exem-

320 3282 396 3357 plari
426 3283 543 3360 integro
575 3283 703 3340 deducta
736 3283 957 3353 existimemus3
989 3285 1079 3342 immo
1103 3305 1204 3344 omnes
1227 3285 1343 3344 Tibulli
1373 3282 1444 3342 libri

321 3370 373 3446 qui
411 3371 498 3430 bodie
538 3390 659 3446 quoque
701 3375 804 3430 extant
842 3374 959 3446 praeter
987 3373 1189 3452 Frisingensia
1226 3377 1366 3449 excerpta
1410 3391 1444 3432 ex

319 3478 380 3517 uno
427 3461 589 3534 eodemque
638 3460 736 3519 codice
782 3460 944 3535 archetypo
990 3464 1156 3522 manavisse
1200 3465 1337 3534 constat,
1390 3461 1445 3536 qui

321 3549 412 3608 codex
446 3547 488 3623 O,
524 3548 634 3608 saeculi
669 3548 739 3607 noni
751 3547 776 3625 8)
811 3551 1000 3620 membrana,
1041 3553 1139 3610 omnia
1165 3552 1277 3611 Tibulli
1311 3551 1445 3611 carmina

320 3657 380 3696 una
413 3657 481 3697 oum
514 3637 795 3713 pseudotibullianis
830 3641 949 3712 praeter
980 3639 1040 3697 duo
1072 3639 1125 3699 illa
1157 3641 1300 3715 Priapes,
1335 3642 1445 3715 utpote

321 3745 398 3801 quae
431 3727 602 3804 argumenti
634 3731 732 3786 essent
760 3726 916 3800 obscoeni,
953 3728 1138 3801 continebat,
1171 3731 1300 3787 duorum
1330 3731 1367 3787 ut
1400 3729 1445 3787 ita

320 3815 417 3874 dIcam
440 3815 573 3874 filiorum
597 3818 693 3889 pater,
718 3834 734 3872 a
758 3815 869 3890 quibus
893 3819 1011 3876 nostrae
1035 3818 1170 3877 codicum
1192 3817 1326 3877 familiae
1350 3817 1445 3894 origi·

428 3989 436 4056 )
457 3991 569 4057 Catulli,
589 3990 659 4056 Tib,
679 3991 760 4060 Prop.
781 4009 864 4045 carm.
883 3993 971 4060 praef.
990 4011 1037 4062 pg.
1057 3992 1131 4046 XIII.

409 4087 436 4154 2)
456 4088 522 4144 edit.
542 4089 603 4142 Tib.
623 4088 729 4158 proleg.
748 4107 796 4158 pg.
814 4089 901 4142 XVII.

409 4184 436 4252 3)
456 4187 504 4240 cfr.
524 4186 676 4241 Baehrensi
695 4186 737 4240 ed.
756 4188 862 4257 proleg.
882 4205 929 4257 pg.
949 4188 1022 4243 XIX.
