3240 5006
668 449 886 508 ..55-

181 639 183 646 ⁴
216 628 417 696 offenderunt,
452 643 576 700 prorsus
600 625 643 684 eis
666 624 817 683 tollantur
839 641 937 698 neque
961 622 1124 698 quidquam
1149 622 1233 693 novi,
1259 622 1338 698 quod
1428 687 1430 692 ,

216 717 359 776 offendere
383 715 487 790 possit,
512 717 618 789 poetae
643 714 823 790 assignetur.

302 821 358 879 Sed
383 822 487 879 extant
510 820 568 880 loci
598 819 734 878 nonnulli
758 818 810 895 qui
833 818 916 898 inde·
933 839 951 876 a
975 817 1120 898 Scaligeri
1151 820 1338 895 temporibus

212 913 318 968 utrum
333 913 414 970 recte
430 928 461 967 sa
477 910 607 968 babeant
626 928 662 967 an
687 907 845 984 particulis
869 907 1050 983 quibusdam
1074 907 1212 968 carminis
1237 913 1334 968 trans-

210 1000 355 1074 ponendis
379 999 502 1058 sanandi
525 999 601 1068 sint,
636 998 769 1056 homines
793 997 873 1056 docti
896 996 1109 1071 disputarunt,
1143 1017 1241 1072 neque
1265 998 1337 1056 dum

212 1089 288 1148 certi
311 1088 479 1165 quidquam
500 1090 655 1162 repertum
679 1089 732 1145 est.
768 1085 813 1142 Ex
837 1085 947 1160 quibus
971 1105 1082 1161 paucos
1106 1087 1217 1162 quibus
1241 1087 1338 1146 Baeh-

211 1177 329 1236 rensius
345 1196 442 1251 nuper
457 1177 641 1236 traiectionis
654 1175 820 1234 remedium
837 1174 980 1245 admovit,
997 1175 1109 1234 iterum
1122 1194 1336 1239 recenseamus

212 1265 374 1325 Ordiamur
398 1265 532 1324 astotius
563 1265 658 1324 libelli
682 1263 846 1322 Tibulliani
870 1262 999 1324 carmine
1022 1265 1136 1339 primo,
1170 1266 1250 1341 quod
1274 1284 1337 1324 om-

175 1431 177 1435 ·
211 1356 297 1416 nium
321 1354 491 1431 saepissime
515 1355 574 1413 viri
597 1353 677 1413 docti
699 1354 917 1412 tractaverunt.

662 1533 687 1605 I,
717 1539 743 1603 1,
772 1536 887 1596 1-40.

301 1649 374 1708 Post
389 1649 556 1707 Antonium
572 1649 720 1723 Vulpinm
737 1647 790 1724 qui
806 1648 853 1706 vir
869 1648 975 1706 doctus
992 1647 1155 1722 pristinum
1171 1648 1337 1707 carminum

212 1737 453 1796 Tibullianorum
485 1738 618 1798 ordinem
650 1739 688 1796 ab
719 1737 749 1795 J,
774 1737 804 1794 J.
841 1735 1021 1812 Scaligem')
1054 1755 1170 1795 summa
1200 1757 1267 1796 cum
1300 1737 1337 1794 li·

215 1826 311 1884 centia
341 1828 515 1891 turbatum,
548 1827 579 1885 in
612 1827 766 1903 integrum
797 1825 990 1897 restituerat,
1024 1826 1139 1900 primus
1167 1825 1337 1886 Tridericus

217 1913 379 1991 Haasius2)
403 1917 479 1976 hanc
503 1917 539 1975 de
564 1935 625 1990 qua
648 1915 834 1989 disputaturi
866 1933 970 1972 sumus
1003 1914 1073 1973 libri
1096 1915 1185 1990 primi
1209 1915 1335 1991 elegiam

217 2004 351 2062 versibus
372 2005 602 2081 transponendis
633 2004 794 2066 sanandam
825 2022 887 2062 esse
918 2003 1034 2062 censuit
1057 2022 1226 2079 novamque
1249 2004 1335 2063 disti-

217 2093 338 2151 chorum
360 2095 517 2169 proposuit
541 2093 776 2163 collocationem,
802 2113 893 2168 quam
917 2093 1038 2170 quidem
1060 2092 1212 2153 Lucienus
1236 2093 1334 2151 Muel-

214 2181 294 2241 lerus
317 2183 347 2240 in
372 2184 533 2242 editionem
555 2201 643 2242 suam
658 2181 773 2240 Tibulli
788 2182 919 2257 recepit;
944 2183 1048 2242 deinde
1065 2182 1114 2242 via
1137 2182 1227 2242 semel
1250 2185 1336 2259 pate·

210 2270 291 2330 facta
315 2272 373 2330 viri
398 2273 478 2331 docti
500 2273 576 2332 banc
601 2272 807 2348 quaestionem
830 2271 968 2330 certatim
985 2273 1119 2349 aggressi
1144 2273 1221 2332 alius
1246 2272 1336 2330 aliam

91 2349 95 2357 ’
211 2378 357 2418 versuum
367 2361 651 2419 transmutationem
663 2360 956 2432 commendaverunt,
970 2361 1056 2418 velut
1064 2358 1099 2418 Ο.
1110 2359 1335 2437 sabbatius),

215 2446 253 2502 A.
282 2446 468 2522 Prienius4),
504 2449 540 2509 R.
572 2447 778 2524 Richterus5),
814 2447 900 2507 Aem.
925 2447 1169 2529 Baehrensiusil,
1203 2453 1240 2508 ut
1274 2450 1335 2508 iam

216 2535 518 2612 quampotissimum
548 2537 726 2597 sententiam
748 2539 871 2612 probae,
903 2537 1043 2596 dubitare
1073 2538 1176 2613 possis.
1223 2537 1333 2608 Quam-

216 2625 317 2682 obrem
335 2625 471 2700 equidem
491 2626 535 2686 ita
550 2627 625 2686 hanc
641 2626 876 2703 disputationem
890 2627 1060 2698 instituam,
1084 2631 1121 2686 ut
1144 2646 1201 2685 non
1225 2645 1334 2686 novam

214 2712 347 2788 aliquam
369 2714 399 2771 in
422 2715 554 2774 medium
577 2715 726 2791 proferam
743 2716 919 2791 opinionem,
944 2718 993 2776 sed
1011 2721 1047 2777 ut
1068 2737 1102 2776 ea
1118 2720 1239 2775 tantum
1256 2737 1333 2792 quae

212 2801 244 2858 in
268 2802 402 2862 virorum
425 2805 582 2864 doctorum
615 2823 758 2864 versuum
789 2805 1015 2865 traiectionibus
1047 2805 1213 2876 offendant,
1242 2826 1333 2883 quam

210 2893 316 2965 potero
339 2894 535 2968 apertissime,
562 2893 714 2968 explicem.

300 3007 376 3066 Cum
400 3013 502 3068 autern
526 3028 575 3068 eas
599 3028 674 3086 quas
698 3009 1087 3086 HaasiusRibbeclriusque
1110 3015 1333 3086 proposuerunt

211 3097 480 3156 transmutationes
495 3098 656 3158 Richterus
673 3117 801 3174 eumque
825 3101 945 3158 secutus
962 3098 1194 3174 Baehrensiusl)
1219 3101 1333 3174 optimo

212 3181 278 3242 iure
314 3184 386 3243 adeo
417 3185 591 3261 reciderint,
626 3191 662 3247 ut
692 3187 768 3246 nihil
800 3187 857 3246 nisi
888 3206 993 3246 versus
1026 3187 1103 3247 alter
1135 3188 1203 3247 inde
1232 3209 1248 3248 a
1273 3185 1332 3253 25⁰

302 3409 328 3478 1)
348 3412 408 3466 Cat.
437 3412 497 3468 Tib.
524 3414 605 3485 Prop.
630 3433 714 3485 opera
737 3415 831 3470 omnia
857 3433 928 3483 quae
954 3418 1059 3470 extant.
1098 3417 1166 3470 Cum
1191 3417 1332 3470 variorum

204 3484 333 3545 ,virorum
351 3487 567 3552 commentariis,
587 3487 701 3541 Parisiis
722 3488 798 3542 1604.

301 3579 327 3647 2)
346 3581 430 3637 index
449 3583 513 3638 leot.
533 3584 631 3638 aestiv.
650 3585 770 3640 univers.
789 3585 941 3639 Vratislau
962 3583 1040 3650 1855,
1060 3603 1108 3654 pg.
1129 3584 1162 3638 10
1182 3603 1242 3655 sqq.

301 3676 328 3745 3)
346 3679 429 3734 index
448 3683 533 3736 schol.
552 3681 627 3736 univ.
647 3682 780 3738 Kieliens.
802 3681 878 3737 1867.

298 3774 326 3842 4)
344 3778 517 3833 Fleckeiseni
536 3780 629 3834 annal.
648 3782 702 3835 vol.
723 3782 796 3846 XVI,
818 3780 895 3847 1870,
915 3801 961 3852 pg.
982 3780 1034 3835 689
1053 3799 1113 3850 sqq.

299 3875 326 3941 5)
345 3877 386 3930 De
405 3877 482 3930 Albii
501 3878 607 3932 Tibulli
629 3878 719 3934 tribus
744 3880 841 3950 primis
867 3881 1035 3936 carminibus
1054 3881 1218 3951 disputatio,
1238 3901 1330 3953 progr.

209 3964 337 4016 gymnas.
357 3949 486 4002 Zwickau
507 3948 582 4003 1873.

299 4041 326 4110 6)
347 4045 519 4101 Tibullisehe
538 4047 650 4112 bl'atter,
669 4066 716 4118 pg.
737 4048 771 4101 63
790 4067 849 4118 sqq.

299 4142 326 4208 7)
345 4143 393 4196 cfr.
420 4142 481 4196 Tib.
510 4143 615 4199 blatter
639 4163 686 4214 pg.
707 4145 755 4199 67:
781 4146 870 4201 Somit
897 4147 1029 4203 erweisen
1054 4147 1114 4202 sich
1143 4150 1188 4204 die
1213 4151 1331 4221 iibrigen

209 4216 418 4283 umsetzungen'
429 4213 550 4281 Haases,
576 4234 648 4286 gana
676 4217 834 4287 abgeschen
859 4219 964 4286 daven,
983 4219 1046 4275 dass
1066 4219 1106 4277 sie
1125 4222 1197 4276 auch
1216 4241 1253 4278 an
1271 4223 1330 4279 sich

208 4284 372 4354 unmoglich
391 4283 462 4350 sind,
483 4286 524 4340 als
543 4287 715 4358 iiberdiissig.
