3240 5006
758 1233 910 1302 CAPUT
935 1238 1128 1305 Palmum.

315 1387 318 1394 ’
432 1373 478 1451 lle
506 1377 751 1454 vetustioribus
780 1379 962 1456 carminum
991 1382 1263 1461 Tibullianorum
1290 1388 1451 1467 lontibus.

714 1563 737 1617 1.
756 1564 798 1619 Da
816 1564 986 1633 fragmento
1005 1566 1170 1626 (lalaetano.

468 1685 685 1763 Fragmentum
707 1688 763 1748 hoc
785 1694 997 1765 pervetustum
1014 1694 1094 1768 quod
1110 1695 1197 1754 bodie
1213 1696 1337 1771 periisse
1359 1699 1501 1771 dolemus

378 1774 408 1831 J.
432 1774 461 1835 J.
479 1773 612 1852 Scaliger
635 1795 704 1835 cum
728 1779 887 1854 exemplari
911 1782 1042 1856 quodam
1067 1784 1206 1843 editionis
1229 1785 1439 1848 Plautinianae
1462 1790 1505 1848 ita

379 1862 508 1926 contulit
524 1867 560 1921 ut
577 1865 729 1941 graviores
744 1869 954 1928 tantummodo
972 1871 1134 1932 lectionum
1150 1875 1313 1935 varietates
1325 1877 1356 1934 in
1369 1869 1504 1957 margine

379 1952 543 2012 ascriberet
565 1953 736 2030 litterisque
761 1955 806 2015 CO
830 1957 1021 2035 significaret.
1070 1961 1165 2032 Quam
1197 1963 1385 2024 collationem
1409 1967 1505 2027 Lach-

378 2059 505 2100 mannus
531 2062 565 2101 ex
588 2041 731 2121 Scaligeri
756 2047 854 2106 solum
877 2049 1127 2126 castigationibus
1151 2051 1327 2126 Heinsiique
1357 2057 1506 2131 excerptis

379 2134 572 2208 cognoverat,
596 2133 682 2192 nobis
706 2134 802 2209 ipsam
826 2136 863 2194 ad
887 2138 1018 2196 carmina
1040 2139 1222 2197 emendanda
1247 2141 1388 2202 adhibere
1412 2145 1502 2216 licet;

379 2223 461 2279 extat
478 2221 556 2279 enim
573 2223 724 2298 exemplar
738 2224 816 2283 illud
831 2224 1055 2304 Scaligeranum
1079 2226 1109 2284 in
1133 2227 1313 2288 bibliotheca
1337 2232 1504 2290 academiae

377 2309 677 2387 Lugduno·Batavae
711 2313 790 2374 inter
813 2315 906 2375 libros
929 2316 1023 2391 [lipsii
1046 2321 1079 2372 n‘
1097 2321 1137 2380 59
1154 2318 1187 2392 ¹),
1220 2320 1257 2376 ut
1280 2319 1316 2376 de
1340 2320 1502 2396 fragmenti

344 2453 346 2457 .
376 2399 459 2458 illius
483 2399 640 2474 scripturis
663 2403 754 2477 paulo
778 2405 905 2464 certiora
929 2425 1020 2481 quam
1043 2404 1234 2465 Lachmanno
1257 2408 1400 2486 contigit,
1425 2409 1500 2467 scire

377 2506 534 2564 possimus.

468 2577 621 2638 Ouiaciani
632 2581 827 2654 praestantia,
844 2602 905 2657 qua
915 2583 1005 2661 longe
1017 2589 1140 2660 superat
1152 2586 1337 2660 reliquorum
1354 2586 1502 2645 librorum

379 2667 597 2743 archetypum,
630 2669 742 2727 totiens
766 2675 910 2744 apparet,
935 2674 971 2729 ut
994 2676 1174 2749 argumenta
1198 2675 1326 2732 dilatare
1349 2674 1437 2746 plane
1457 2675 1503 2731 sit

377 2775 643 2832 supervacaneum.
679 2757 794 2816 Paucas
817 2758 870 2816 has
895 2758 1037 2819 lectiones
1061 2780 1138 2834 quae
1162 2779 1258 2834 neque
1282 2761 1318 2817 ab
1343 2759 1401 2818 alio
1423 2760 1502 2818 libro

378 2848 561 2920 praebentur
583 2867 681 2923 neque
706 2867 740 2905 ex
764 2847 899 2906 codicum
915 2847 1072 2923 scripturis
1097 2847 1268 2906 coniectura
1291 2849 1429 2922 quamvis
1452 2849 1500 2906 in-

379 2935 501 3012 geniosa
516 2939 683 3012 potuerunt
697 2936 829 3010 restitui,
846 2938 883 2994 ut
898 2935 992 2994 omnis
1005 2935 1156 2994 dubitatio
1172 2938 1374 3008 removeatur,
1395 2938 1504 2996 afferre

377 3024 451 3084 satis
475 3024 579 3106 eritl).

466 3113 523 3185 ΙΙΙ,
549 3120 578 3185 4,
606 3118 646 3177 79
670 3132 714 3189 sq.
739 3112 945 3191 fragmentum
968 3113 992 3170 F
1016 3114 1154 3188 praebet:

560 3203 625 3262 Hoc
647 3203 706 3262 tibi
729 3202 905 3280 coniugium
928 3202 1080 3278 promittit
1102 3203 1207 3262 Delius
1230 3204 1310 3278 ipse:

606 3291 691 3350 Felix
713 3292 769 3351 hoc
792 3292 884 3350 alium
908 3291 1008 3351 desine
1031 3293 1107 3351 velle
1131 3293 1240 3366 virum,

378 3402 469 3458 quam
492 3381 650 3441 lectionem
674 3381 730 3440 etsi
753 3382 784 3439 in
807 3381 1056 3458 interpretatione
1079 3382 1158 3441 inter
1181 3399 1211 3441 se
1235 3381 1418 3440 dissentiunt
1441 3382 1505 3440 viri

377 3472 467 3544 docti,
492 3489 593 3531 omnes
617 3473 717 3530 tamon
741 3490 843 3530 veram
864 3491 1095 3549 germanamque
1118 3470 1269 3542 iudicant;
1293 3471 1362 3529 libri
1386 3471 1503 3530 nostri:

376 3561 668 3634 fflfflmeas

468 3787 494 3854 1)
514 3787 701 3858 Disputarunt
711 3788 746 3842 de
763 3789 816 3843 hoc
832 3789 903 3843 libro
917 3789 1080 3856 Heinsiique
1090 3787 1258 3842 testimoniis
1271 3788 1298 3842 0.
1310 3789 1347 3842 M.
1361 3789 1506 3844 Francke-

375 3861 437 3915 nius
457 3859 614 3929 (verslagen
624 3878 660 3915 en
674 3860 908 3930 mededeelingen
917 3860 967 3915 der
975 3861 1151 3929 koninglijlre
1162 3860 1308 3914 akadcmie
1326 3878 1382 3914 van
1391 3865 1503 3915 waten-

376 3934 498 4002 schapen
514 3931 538 3984 X
557 3950 584 4001 p.
595 3931 630 3984 33
646 3931 718 4001 sqq.)
737 3932 1053 3986 etEduardusHillerus
1073 3931 1114 3997 (in
1131 3931 1219 3985 musei
1234 3932 1322 3986 Rhen.
1342 3932 1396 3986 vol.
1408 3933 1504 3986 XXIX

375 4023 422 4074 na·
441 4005 475 4056 97
495 4021 555 4072 sqq·

465 4099 492 4168 2)
511 4100 642 4154 Pluribus
662 4101 696 4155 dc
715 4102 759 4154 his
778 4101 845 4155 locis
856 4101 1011 4171 disputavit
1029 4100 1067 4154 M.
1078 4100 1271 4154 Rothsteinius
1289 4100 1319 4153 in
1338 4100 1435 4155 libello
1450 4121 1504 4156 suo
1589 4131 1590 4156 t

375 4173 410 4228 de
430 4172 536 4228 Tibulli
555 4172 705 4237 codicibus,
723 4173 846 4227 Berolini
865 4191 889 4226 a.
903 4171 971 4224 1880
990 4172 1098 4236 emisso,
1118 4189 1201 4240 quern
1219 4173 1415 4239 tuncdemum‚
1435 4191 1503 4226 cum

374 4245 431 4299 iam
450 4245 522 4299 hanc
541 4244 768 4299 dissertationem
786 4261 894 4297 summo
913 4244 1140 4314 philosophorum
1159 4243 1386 4312 Friburgensium
1406 4245 1502 4298 ordini

375 4316 590 4370 examinandam
610 4316 789 4380 subiecermn,
808 4315 877 4368 mihi
897 4315 926 4368 in
945 4333 1043 4369 manus
1062 4315 1220 4384 pervenisse
1240 4314 1327 4368 doleo.
