3240 5006
756 1279 999 1382 Appendix.

410 1499 466 1557 His
498 1499 596 1576 igitur
626 1499 670 1558 rei
701 1497 821 1558 criticae
851 1498 994 1558 subsidiis
1025 1517 1102 1574 quae
1134 1499 1293 1556 maximam
1326 1504 1442 1575 partem

293 1619 295 1624 ·
320 1588 493 1647 Baehrensii
517 1606 623 1664 operae
647 1588 785 1666 egregiae
808 1588 965 1661 debemus,
990 1588 1076 1664 quasi
1107 1587 1310 1648 fundamentis
1335 1590 1361 1650 ei
1385 1591 1443 1650 erit

320 1678 486 1751 nitendum,
511 1678 564 1753 qui
587 1677 719 1736 carmina
742 1677 912 1736 Tibulliana
935 1677 965 1735 in
988 1676 1142 1754 integrum
1165 1677 1353 1736 restituenda
1376 1698 1442 1738 sus·

321 1766 442 1842 ceperit.
491 1765 549 1825 Sed
574 1769 693 1826 tantum
716 1767 801 1826 abest
823 1769 860 1825 ut
882 1769 1043 1841 postquam
1066 1785 1170 1825 eorum
1197 1766 1308 1825 auxilio
1332 1770 1369 1826 ad
1393 1788 1442 1828 co-

320 1856 393 1915 dicis
409 1856 565 1915 cuiusdam
581 1856 738 1931 archetypi
752 1855 893 1914 lectiones
908 1859 999 1931 atque
1015 1855 1087 1914 adeo
1103 1855 1141 1913 ad
1153 1855 1285 1932 singulas
1299 1876 1443 1916 versuum

320 1945 484 2020 scripturas
508 1963 664 2022 germanas
688 1944 836 2019 pervenit,
860 1947 958 2004 totam
980 1963 1043 2001 rem
1066 1944 1126 2002 iam
1143 1944 1309 2019 expeditam
1335 1949 1365 2005 et
1388 1949 1442 2006 ah-

320 2034 452 2092 solutam
475 2033 646 2092 existimare
669 2034 779 2110 possit,
811 2036 848 2090 ut
877 2038 982 2092 contra
1006 2035 1079 2092 tuno
1103 2033 1225 2092 demum
1248 2035 1440 2111 gravissimae

320 2123 364 2180 rei
387 2121 507 2181 criticae
523 2121 722 2198 quaestiones,
748 2121 871 2198 quinam
893 2121 924 2178 in
948 2121 1062 2180 Tibulli
1085 2121 1188 2199 elegiis
1212 2126 1312 2182 extent
1335 2143 1438 2182 versus

320 2210 504 2286 interpositi,
539 2230 676 2286 quaeque
706 2210 871 2269 carminum
904 2212 1005 2285 partes
1038 2211 1133 2269 alieno
1157 2211 1221 2270 loco
1242 2212 1381 2281 insertae,
1407 2211 1432 2269 ei

321 2300 381 2358 sint
406 2299 633 2376 aggrediendae.
881 2336 888 2349 ·
1196 2339 1199 2344 ·

254 2461 256 2466 Ι
409 2388 509 2448 Primo
542 2389 617 2448 enirn
651 2392 718 2465 post
751 2387 817 2449 Chr.
842 2408 872 2445 n.
906 2388 1026 2447 saeculo
1055 2388 1138 2448 Alhii
1170 2389 1304 2448 libellum
1331 2387 1433 2445 multi·

320 2477 428 2536 fariam
456 2478 593 2538 versibus
624 2478 791 2537 subditiciis
818 2477 1017 2552 depravatum
1048 2481 1078 2537 et
1100 2498 1153 2553 per
1177 2482 1339 2537 extremam
1362 2476 1438 2534 anti-

322 2568 471 2645 quitatem
494 2568 542 2626 vel
566 2568 661 2643 prima
684 2567 774 2626 medii
798 2567 864 2626 aevi
888 2567 1007 2627 saecula
1039 2566 1118 2626 foliis
1149 2567 1229 2626 inter
1259 2586 1291 2626 se
1321 2585 1440 2642 permu-

321 2657 393 2716 tatis
417 2657 549 2732 turpiter
577 2656 733 2716 foedatum
765 2675 827 2716 esse
855 2657 914 2716 viri
947 2657 1019 2716 artis
1051 2656 1239 2715 Tibullianae
1270 2654 1443 2731 peritissimi

322 2746 463 2805 arbitrati
493 2748 575 2804 sunt.
622 2746 700 2804 Nam
732 2749 768 2804 ut
800 2746 999 2805 commenticii
1030 2746 1078 2805 vel
1110 2745 1229 2805 aliunde
1257 2745 1289 2803 in
1315 2744 1445 2804 cannino

321 2835 434 2894 Tibulli
457 2835 534 2894 illati
559 2835 684 2910 exempli
708 2834 806 2912 gratia
829 2839 909 2894 recte
933 2835 1083 2894 eiciuntur
1106 2853 1210 2893 versus
1233 2833 1258 2904 I,
1286 2839 1314 2904 5,
1341 2839 1381 2896 45
1399 2852 1443 2908 sq.

323 2945 340 2982 a
364 2923 543 3001 Gruppio¹)‚
568 2923 609 2994 ΙΙ,
636 2929 665 2996 5,
691 2929 728 2988 31
757 2943 800 2999 sq.
826 2944 843 2983 a
866 2924 1098 2984 Mitsoherlichio
1115 2923 1321 3000 Gruppioque,
1346 2921 1387 2992 ΙΙ,
1414 2928 1444 2993 5,

326 3017 364 3076 19
385 3047 391 3052 ·
413 3017 453 3076 22
494 3017 524 3073 at
559 3017 689 3078 65--80
722 3034 739 3072 a
773 3012 1002 3089 Baehrensio2)‚
1038 3013 1079 3083 ΙΙ,
1113 3019 1142 3084 6,
1176 3019 1215 3078 23
1241 3031 1284 3088 sq,
1321 3009 1443 3071 aGuil.
1516 3033 1519 3038 ·

323 3101 508 3180 Fischero⁸);
537 3103 750 3179 transponendi
773 3106 875 3162 autem
905 3104 967 3162 sine
998 3102 1061 3161 ulla
1091 3103 1280 3161 dubitatione
1313 3099 1445 3180 (praeter

322 3185 389 3252 illos
415 3211 489 3268 quos
513 3192 609 3250 alieno
632 3193 696 3251 loco
721 3192 862 3252 exhibent
891 3195 1028 3267 excerpta
1052 3191 1188 3250 Parisina
1212 3195 1242 3250 et
1265 3192 1356 3250 codex
1380 3187 1444 3269 G4)

323 3300 427 3341 versus
450 3281 504 3352 IV,
529 3287 559 3352 4,
586 3286 625 3344 21
651 3299 705 3356 sq„
729 3281 760 3340 id
783 3282 865 3356 quod
888 3281 948 3340 iam
971 3281 1121 3340 Italorum
1149 3280 1206 3339 viri
1229 3281 1310 3339 docti
1333 3279 1445 3355 optime

322 3370 546 3440 intellexerunt,
572 3368 649 3443 etl,
675 3375 704 3441 l,
732 3375 861 3434 21-26
893 3375 923 3428 et
948 3374 1096 3442 57-70,
1130 3388 1204 3445 quos
1237 3370 1352 3444 primus
1376 3387 1444 3443 per-

323 3479 426 3534 peram
457 3460 584 3518 iusertos
622 3460 763 3536 cognovit
794 3459 976 3518 Ritschelius
989 3457 1024 3536 5),
1056 3461 1137 3518 recte
1169 3458 1318 3534 disposuit
1348 3456 1444 3515 Baeh-

323 3548 484 3624 rensiusl).
532 3547 597 3607 Hae
626 3548 747 3622 quidem
771 3548 965 3607 distichorum
995 3548 1184 3607 traiectiones
1214 3546 1445 3622 prudentissimo

325 3637 434 3712 cuique
449 3638 668 3713 probabuntur,
694 3657 762 3696 cum
778 3637 878 3696 omnia
901 3658 979 3714 quae
994 3638 1025 3695 in
1040 3637 1167 3712 pristino
1183 3654 1327 3695 versuum
1343 3635 1446 3694 ordine

415 3853 557 3920 1)Min0s‚
576 3871 623 3922 pg.
643 3852 659 3904 3
678 3871 738 3920 sqq.

415 3951 441 4018 2)
461 3951 631 4005 Tibullische
651 3950 763 4016 blattea
783 3969 829 4020 pg.
849 3950 885 4002 24
904 3969 963 4018 sqq.

415 4049 442 4115 3)
463 4049 644 4115 Quaestiones
663 4048 872 4119 Propertianae‚
891 4049 1004 4104 Bonnae
1025 4048 1101 4115 1863,
1121 4051 1222 4104 theses.

415 4145 443 4214 4)
463 4148 510 4201 cfr.
529 4165 612 4217 supra
630 4166 677 4216 pg.
696 4146 739 4201 46.

416 4244 443 4312 5)
463 4249 527 4300 aeta
545 4263 599 4300 soc.
618 4246 705 4300 litter.
726 4245 825 4299 Saxon.
846 4264 863 4298 a
882 4245 950 4298 1866
970 4265 1016 4316 pg.
1036 4244 1132 4301 3-21.

417 4344 445 4412 6)
467 4343 725 4416 Tib.b1atter‚pg.
747 4342 860 4398 70-75.
