3240 5006
734 278 955 336 ...40.-

283 451 310 510 G
334 454 507 527 assumptae
539 455 593 512 aut
625 451 779 528 exipsius
810 449 1033 526 interpolatoris
1055 449 1175 528 ingenio
1198 451 1321 526 petitae.
1368 449 1410 508 In

283 539 416 598 medium
446 541 594 616 proferam
619 543 690 602 has:
723 539 748 613 I,
778 545 805 610 l,
830 544 891 603 43:
922 539 948 613 I,
978 545 1004 610 l,
1030 545 1087 604 43:
1123 540 1171 598 vel
1193 539 1410 617 Parva-seges

283 629 356 688 satis
387 633 450 701 est,
485 631 557 690 satis
589 634 634 690 est
665 651 690 689 e.
715 650 744 706 q.
769 647 812 698 6.,
846 648 914 688 cnm
947 629 978 687 in
1008 629 1072 704 ipso
1101 629 1239 688 carminis
1263 631 1409 688 contextu

284 722 366 777 extet
403 719 629 796 interpolatoris
668 719 900 795 Guelferbytani
942 722 1160 778 commentum:
1201 718 1300 779 Parva
1334 717 1410 776 satis

282 827 385 868 mensa
409 812 472 882 est,
502 810 575 868 satis
607 813 652 869 est
675 810 731 867 eto.
761 814 787 879 1,
813 813 872 872 45:
905 808 1033 868 Audisse
1065 809 1113 868 vel
1136 806 1260 866 Audire.
1289 814 1321 878 1,
1345 812 1410 870 461

283 897 448 956 detinuisse
464 899 513 958 161
533 899 714 958 continuisse
738 897 833 973 (vides
850 917 937 973 saepe
960 897 1118 956 librarium
1141 915 1227 956 suam
1250 896 1411 956 lectionem

284 985 426 1047 ficticiam
450 987 481 1044 in
505 1006 609 1047 vorsus
627 988 706 1064 ipsos
730 987 913 1062 inseruisse.)
949 992 975 1056 1,
1002 991 1059 1050 54:
1085 985 1176 1046 exiles
1200 987 1249 1044 vel
1272 985 1409 1044 hostiles.

285 1081 314 1145 3,
334 1080 393 1138 24:
419 1095 488 1134 aera
506 1077 670 1135 161616116.
696 1082 726 1148 4,
746 1081 805 1139 83:
831 1077 929 1151 turpis
953 1076 1000 1134 161
1016 1075 1124 1134 turbis.
1152 1080 1180 1145 5,
1208 1079 1266 1138 27:
1292 1074 1409 1133 vitibus

284 1165 352 1239 (hoc
376 1164 416 1239 A)
449 1166 498 1224 vol
528 1165 680 1225 fructibus
712 1165 779 1240 (boo
803 1164 889 1244 GV).
927 1170 956 1235 5,
983 1170 1040 1228 69:
1073 1165 1179 1224 timeto
1210 1163 1259 1224 161
1291 1166 1407 1224 caveto.

285 1260 315 1324 7,
341 1258 378 1316 4:
404 1253 485 1313 Atax
509 1255 557 1314 vel
581 1255 688 1313 Arabs,
715 1259 744 1327 7,
773 1259 829 1317 ll:
855 1254 914 1312 erit
937 1254 985 1312 vel
1007 1255 1095 1312 Arar.
1122 1259 1151 1324 7,
1177 1258 1237 1317 42:
1267 1253 1409 1328 compede

283 1343 371 1418 pulsa
395 1344 444 1401 vel
468 1343 592 1418 cuspide
616 1344 696 1402 victa
729 1341 813 1421 (vida
836 1343 1059 1418 interpolatoris
1083 1343 1218 1401 studium
1241 1341 1409 1402 sententiae

284 1432 320 1489 ad
337 1449 439 1490 vocem
456 1433 588 1508 cuspide,
614 1452 691 1508 quae
715 1429 786 1489 inO
811 1431 923 1502 extitit,
948 1432 1119 1508 aptandae.)
1161 1437 1190 1502 9,
1208 1437 1267 1495 31:
1292 1431 1410 1490 nullius

284 1521 332 1578 vel
365 1522 449 1580 nullo
480 1521 537 1581 tibi
574 1520 613 1598 (G
637 1523 734 1581 recte:
765 1521 849 1578 nullo
872 1523 926 1596 16).
967 1520 1008 1595 ΙΙ,
1033 1527 1063 1594 3,
1089 1526 1149 1585 60:
1183 1524 1326 1599 gypsatos
1358 1521 1409 1579 vel

283 1610 413 1670 luxatos.
452 1616 481 1680 5,
510 1616 590 1674 110:
615 1610 700 1670 faveo
725 1609 827 1668 morbo
852 1610 900 1669 vel
923 1610 1009 1670 foveo
1033 1611 1180 1690 morbum.
1205 1609 1262 1681 IH,
1289 1615 1318 1680 2,
1347 1615 1408 1673 15:

284 1702 408 1776 rogatae
440 1700 488 1759 vel
518 1704 656 1774 precatae
687 1695 779 1776 (16616
803 1698 994 1780 correctum).
1043 1698 1097 1773 IV,
1126 1705 1153 1770 1,
1181 1704 1236 1763 39;
1268 1699 1410 1774 Namque

284 1787 342 1846 tibi
366 1789 414 1847 vel
438 1787 570 1864 Quisque
603 1789 660 1848 tibi
693 1789 786 1864 (Nam
809 1789 922 1864 quique
945 1789 1003 1848 tibi
1025 1780 1070 1860 Y,
1102 1787 1181 1847 Nam
1212 1787 1279 1864 quis
1303 1790 1334 1846 te
1358 1785 1409 1868 F).

288 1883 315 1947 1,
334 1881 393 1940 94:
417 1877 515 1936 levius
532 1879 579 1936 vel
595 1878 702 1937 melius
719 1878 767 1936 vel
782 1878 904 1937 brevius
925 1879 994 1952 (hoo
1016 1878 1047 1935 in
1072 1876 1120 1954 0).
1147 1883 1176 1949 3,
1196 1883 1254 1941 21:
1280 1877 1410 1950 subiecit

285 1966 333 2024 161
356 1966 494 2042 subrepit
518 1966 638 2046 (hocin
662 1965 711 2042 Ο).
988 1977 991 1986 “

375 2054 424 2113 Ad
447 2073 595 2113 summam
618 2056 709 2115 codex
732 2054 927 2114 Eboracensis
956 2074 1024 2114 oum
1053 2075 1150 2131 neque
1174 2074 1209 2113 ex
1233 2056 1292 2114 alia
1317 2075 1407 2132 quam

273 2143 398 2203 'codices
422 2143 633 2203 Baehrensiani
666 2144 777 2221 integri
806 2143 920 2202 familia
943 2148 1034 2204 natus
1063 2146 1102 2204 sit
1125 2164 1222 2219 neque
1245 2145 1325 2203 ullas
1348 2146 1401 2206 lec·

285 2233 403 2292 tionum
426 2234 587 2292 varietates
611 2235 753 2309 praebeat
777 2234 834 2292 nisi
858 2253 934 2308 quae
958 2233 1020 2294 sive
1040 2254 1074 2292 ex
1098 2233 1328 2309 interpolatione
1346 2235 1398 2292 6116

286 2342 322 2382 ex
345 2323 598 2382 contaminatione
621 2325 750 2382 duarum
774 2323 801 2380 Y
825 2326 854 2382 et
878 2322 904 2381 (1
927 2323 1111 2383 familiarum
1128 2322 1292 2397 extiterint,
1316 2323 1403 2382 immo

285 2412 432 2472 Italorum
455 2413 626 2473 temeritate
642 2413 817 2472 emendandi
841 2416 871 2472 et
895 2414 1054 2488 supplendi
1077 2412 1275 2471 multifariam
1298 2413 1338 2473 sit
1360 2413 1407 2472 in·

286 2502 448 2577 quinatus‚
484 2503 515 2560 in
540 2503 609 2561 crisi
633 2501 804 2561 Tibulliana
826 2502 991 2561 factitanda
1014 2506 1068 2561 aut
1092 2520 1213 2577 prorsus
1238 2506 1282 2561 est
1304 2502 1408 2580 negle-

286 2591 401 2666 gendus
419 2593 473 2649 aut
492 2595 572 2650 certe
592 2608 652 2649 non
676 2592 771 2667 magis
789 2594 833 2650 est
856 2592 1067 2667 respiciendus
1092 2611 1184 2667 quarn
1206 2591 1409 2650 recentiorum

286 2680 442 2737 hominum
465 2680 622 2738 doctorum
646 2681 843 2739 coniecturae.

374 2767 418 2827 De
453 2769 551 2828 tribus
593 2788 664 2828 vero
700 2768 910 2828 recentissimis
944 2769 1095 2828 codicibus
1119 2788 1134 2827 o
1157 2769 1175 2826 d
1200 2789 1215 2828 e
1244 2789 1314 2829 cum
1346 2769 1408 2828 iam

285 2857 494 2916 Lachmannus
529 2857 710 2918 iudicaverit
741 2859 817 2917 nihil
851 2859 917 2917 fidei
954 2861 1008 2917 aut
1042 2858 1180 2934 ponderis
1212 2857 1244 2915 in
1279 2858 1407 2936 singulis

285 2947 390 3017 inesse,
415 2948 522 3022 utpote
547 2947 599 3023 qni
622 2948 884 3026 neglegentissime
900 2948 1005 3024 scripti
1021 2951 1051 3008 et
1066 2947 1240 3007 incredibile
1256 2951 1407 3024 quantum

285 3037 537 3111 interpolatorum
571 3039 745 3097 commentis
776 3037 932 3113 depravati
962 3037 1040 3109 sint,
1072 3037 1175 3113 paucis
1200 3037 1406 3113 quaestionem

285 3126 450 3202 transigere
481 3145 649 3200 possumus
697 3127 741 3186 De
773 3128 888 3205 origine
919 3145 1022 3185 eorum
1054 3127 1104 3184 vix
1138 3126 1212 3186 66111
1243 3127 1407 3204 quicquam

286 3233 383 3285 eruas,
408 3235 477 3273 oum
499 3215 587 3273 modo
612 3235 627 3274 c
652 3220 729 3285 616,
754 3218 840 3275 modo
864 3216 883 3274 d
908 3217 937 3273 et
961 3236 991 3292 6,
1016 3217 1102 3275 modo
1126 3237 1142 3276 6
1165 3219 1196 3274 61
1219 3217 1237 3274 d
1260 3216 1405 3276 111166111-

286 3304 407 3381 gulares
423 3303 564 3362 lectiones
580 3307 742 3379 praebeant
759 3306 885 3376 easdem,
910 3305 1014 3362 velut:
1038 3304 1064 3377 I,
1091 3310 1120 3376 5,
1149 3310 1205 3370 16:
1230 3307 1339 3366 triviae
1354 3306 1374 3364 d
1390 3325 1405 3364 e

285 3397 365 3452 recte
390 3413 425 3452 ex
440 3393 566 3452 lectione
583 3394 690 3452 codicis
706 3395 897 3454 Ambrosiani
915 3399 1048 3468 ,creme“
1077 3397 1254 3456 correctum.
1279 3396 1303 3467 Ι,
1322 3401 1352 3468 4,
1371 3401 1404 3457 7:

285 3483 408 3540 modum
441 3482 508 3552 de,
536 3518 576 3532 -—
600 3483 716 3557 locum,
741 3487 797 3544 cet.
836 3482 893 3554 ΙΙΙ,
919 3489 953 3554 4,
980 3489 1037 3548 35;
1062 3484 1148 3542 Lima
1170 3484 1190 3541 d
1215 3503 1240 3556 6,
1269 3521 1303 3528 -
1331 3485 1404 3556 Ima,

286 3574 341 3630 oet.
375 3571 428 3641 IV,
458 3575 485 3641 l,
511 3576 571 3634 75:
603 3572 675 3632 det
699 3595 714 3632 e
738 3574 904 3632 omiserunt
931 3573 1005 3646 ,si“.
1029 3573 1053 3646 Ι,
1079 3579 1108 3644 4,
1136 3577 1194 3637 55;
1219 3573 1269 3632 1116
1293 3574 1405 3634 volenti
1436 3570 1438 3574 ’

286 3660 305 3718 d
330 3681 355 3733 e,
382 3697 419 3704 —
446 3660 508 3735 ipse
532 3662 661 3742 roganti,
688 3666 742 3722 cot.
768 3662 792 3734 Ι,
818 3668 848 3733 3,
874 3669 911 3725 41
937 3663 1067 3722 11616116
1090 3683 1115 3733 6,
1139 3663 1253 3721 1161616
1275 3683 1300 3737 6,
1325 3663 1405 3739 quod

287 3753 366 3809 certe
390 3750 447 3808 nisi
472 3769 506 3809 ex
529 3750 581 3808 illo
605 3769 663 3808 non
686 3754 785 3827 potest
809 3753 977 3827 profectum
999 3770 1070 3811 esse.
1100 3751 1126 3827 Ι,
1145 3757 1173 3820 9,
1192 3756 1251 3814 28:
1275 3752 1405 3810 immites

287 3858 352 3909 ce,
381 3873 415 3882 -
443 3839 575 3912 11111166,
607 3844 662 3903 cet.
710 3840 751 3911 ΙΙ,
786 3846 814 3914 3,
847 3847 906 3905 381
939 3841 1024 3900 furor
1055 3860 1124 3913 ce,
1150 3876 1190 3884 -
1215 3861 1322 3912 cruor,
1348 3844 1404 3902 cet.

287 3927 328 3998 II,
355 3934 385 4002 3,
410 3933 468 3992 39:
495 3947 598 4003 campo
621 3948 637 3987 c
660 3949 685 4000 6,
714 3965 751 3973 -
776 3935 867 4006 ponto
891 3933 947 3990 cet.
988 3930 1029 4002 ΙΙ,
1063 3935 1091 4000 5,
1125 3935 1183 3993 66:
1216 3930 1406 4006 Iactavitque

288 4018 356 4087 cd,
383 4053 419 4058 -
446 4016 593 4085 lactavit,
626 4020 683 4077 cet.
718 4018 774 4091 IH,
808 4025 838 4090 4,
875 4027 911 4084 2:
946 4022 1067 4080 externa
1098 4019 1164 4089 od,
1192 4056 1230 4064 -
1256 4020 1405 4090 hesterna,

288 4109 345 4171 661,
393 4106 478 4168 Η6116
505 4106 602 4188 igitur
631 4107 667 4169 de
691 4109 806 4193 origine
829 4109 1018 4193 singulorum
1042 4108 1177 4172 codicum
1201 4109 1405 4190 quaestionem
