3240 5006
639 403 768 462 ..37
817 433 858 441 ...

180 575 333 652 profectas
366 594 427 634 esse
456 576 596 634 tradant:
630 575 671 649 H,
700 581 727 648 1,
755 579 816 639 66:
851 575 968 650 pectine
1000 574 1061 633 tela
1084 578 1171 634 sonat
1194 577 1308 636 -tela

180 667 272 726 sonat
296 666 388 724 latere
412 663 446 723 0.
484 663 523 736 ΙΙ,
549 670 578 735 6,
604 670 663 728 2οτ
688 665 795 722 melius
820 683 885 724 cras
909 663 973 724 fore
996 682 1111 740 semper
1135 665 1188 739 ait,
1214 685 1306 741 quam
1409 669 1414 677 “

182 755 343 814 lectionem
368 753 458 812 etiam
482 755 512 812 in
536 754 678 813 Parisinis
702 754 871 813 invenimus
893 753 1011 813 -fore
1035 773 1099 812 cras
1123 772 1239 830 semper
1264 755 1307 814 ait

183 845 293 904 melius
318 843 352 902 Ο.

274 947 353 1018 Quas
385 967 456 1006 vero
488 966 567 1006 nnus
598 945 634 1006 Α1
658 950 737 1008 recte
770 948 891 1008 exhibet
921 949 1078 1020 lectiones,
1110 949 1306 1025 paucissimae

183 1039 256 1096 sunt
281 1041 373 1114 atque
397 1037 488 1096 etiam
511 1039 547 1096 ab
573 1038 614 1096 eis
638 1038 692 1113 qni
715 1046 779 1096 una
798 1057 866 1096 oum
883 1037 1072 1097 Lachmanno
1095 1039 1180 1098 libris
1204 1039 1270 1098 AB
1286 1039 1307 1098 O

182 1127 320 1204 singulas
356 1126 490 1185 codicum
525 1127 632 1186 classes
671 1127 887 1204 repraesentari
921 1130 1058 1198 censent,
1098 1128 1307 1204 interpolatori

182 1217 371 1275 tribuendae.
414 1215 524 1286 Quodsi
540 1217 575 1275 de
591 1217 725 1276 codicum
743 1216 890 1276 affinitate
907 1235 1094 1293 quaeremus,
1116 1218 1169 1276 has
1185 1236 1306 1292 prorsus

185 1305 359 1364 debebimus
379 1305 536 1382 neglegere
560 1326 657 1381 neque
680 1306 758 1364 ullas
781 1305 926 1380 respicere
949 1306 1006 1364 nisi
1031 1325 1079 1366 eas
1103 1306 1213 1382 quibus
1236 1307 1307 1366 libri
1339 1334 1341 1338 ·

186 1390 222 1451 A¹
247 1396 276 1452 et
300 1393 360 1473 0¹)
394 1396 498 1454 contra
528 1394 675 1453 familiam
696 1395 724 1453 Y
755 1395 936 1470 conspirant.
984 1393 1041 1454 Sed
1073 1397 1164 1454 etiam
1196 1415 1230 1456 ex
1261 1397 1306 1454 his

186 1486 286 1542 nostro
302 1483 368 1542 iure
384 1483 449 1542 illas
464 1484 749 1559 praetermittemus,
775 1501 849 1560 quas
865 1484 897 1542 in
913 1484 1011 1544 codice
1028 1483 1163 1543 Parisino
1187 1503 1307 1561 quoque

183 1573 368 1648 reperimus,
402 1574 543 1648 quoniam
567 1573 647 1634 sicut
669 1573 700 1630 in
723 1574 796 1644 hoo,
829 1573 874 1632 ita
905 1573 996 1633 etiam
1019 1573 1050 1630 in
1082 1574 1188 1633 ceteris
1211 1573 1307 1633 Lach-

182 1662 351 1721 mannianis
384 1681 432 1722 eas
466 1663 636 1722 alibrariis
668 1665 815 1722 correctas
845 1680 906 1722 esso
938 1663 1003 1722 veri
1034 1665 1079 1722 est
1109 1662 1304 1722 simillimum.

182 1751 291 1826 Itaque
324 1751 526 1829 quadraginta
557 1771 607 1811 sex
639 1752 847 1811 tantummodo
871 1751 928 1811 loci
959 1754 1093 1823 restant,
1126 1752 1163 1812 de
1194 1752 1306 1828 quibus

183 1841 270 1899 nobis
294 1841 351 1900 erit
375 1841 541 1918 agendum:

441 1983 469 2041 Y
912 1979 979 2041 A¹o

318 2090 343 2161 Ι,
371 2097 397 2162 1,
424 2095 484 2154 37:
508 2110 567 2150 neu
743 2109 797 2150 nec
821 2091 939 2166 (prave)

368 2185 397 2254 2,
423 2186 481 2244 77:
506 2183 579 2239 tunc
744 2182 811 2238 tum

367 2274 397 2345 3,
424 2274 480 2332 25:
504 2269 594 2342 deum
743 2269 816 2327 dum
839 2270 932 2343 (recte
956 2288 1025 2329 cum
1049 2267 1087 2345 G)

367 2363 396 2430 3,
423 2363 482 2422 29:
506 2358 549 2417 Ut
744 2357 784 2415 Et
808 2360 912 2434 (prave
936 2376 1004 2417 cum
1028 2357 1066 2434 G)

366 2453 396 2518 6,
422 2452 480 2510 45:
505 2449 587 2504 mota
743 2450 828 2506 motu
854 2448 948 2522 (recte
971 2465 1040 2506 cum
1063 2445 1102 2529 G)

365 2541 393 2608 6,
418 2541 478 2599 46:
504 2553 606 2594 amans
744 2535 876 2615 amens2)
902 2538 1007 2612 (recte,
1032 2536 1084 2595 sed
1107 2536 1144 2594 ab

185 2622 397 2700 interpolatore
421 2625 627 2696 emendatum,
652 2624 691 2684 id
716 2625 801 2710 quod
825 2645 860 2684 ex
884 2624 1050 2684 codicum
1042 2645 1074 2682 111
1097 2625 1196 2685 verbis
1220 2626 1303 2682 ante-

184 2713 356 2774 cedentibus
379 2713 585 2790 discrepantiis
609 2717 749 2790 apparet:
783 2690 834 2773 6¹:
859 2733 928 2785 non,
955 2734 984 2774 c:
1017 2733 1071 2774 nec
1094 2717 1134 2786 ot,
1158 2715 1219 2773 de:
1244 2731 1302 2771 non

184 2803 330 2879 soum
354 2802 417 2886 0»

367 2915 396 2984 8,
425 2915 482 2974 14:
507 2912 589 2969 arcta
744 2907 843 2984 arte³)
868 2908 985 2986 (prave)

366 3004 396 3073 9,
421 3004 479 3063 35:
505 2999 632 3075 eriperet
744 2998 871 3074 eriperes
896 3000 987 3074 (recte
1011 3017 1080 3057 cum
1103 2998 1142 3077 G)

273 3246 299 3312 1)
318 3247 468 3316 Perperam
486 3247 674 3318 compluribus
693 3246 760 3300 locis
781 3245 815 3299 de
835 3244 937 3298 codicis
957 3244 977 3298 O
1003 3244 1141 3314 scriptura
1165 3245 1303 3301 iudicasse

183 3318 252 3372 mihi
270 3319 382 3373 videtur
400 3319 611 3383 Rothsteinius‚
637 3335 701 3372 cum
720 3335 788 3386 quas
807 3316 837 3370 in
857 3316 966 3371 duobus
985 3315 1119 3371 librorum
1137 3334 1152 3371 c
1171 3317 1190 3370 d
1208 3334 1223 3371 e
1242 3337 1303 3388 rep·

183 3391 255 3459 perit
274 3391 408 3446 lectiones
428 3393 522 3459 aptas,
548 3389 625 3443 has
617 3408 648 3442 ιιι
666 3389 715 3443 illo
736 3388 877 3454 extitisse,
902 3405 1004 3458 pravas
1030 3388 1060 3441 in
1085 3388 1169 3443 tertio
1192 3389 1302 3444 oblatas

184 3463 296 3518 aliunde
314 3463 419 3546 petitas
439 3479 498 3516 esse
516 3463 637 3530 putaret.
675 3461 713 3514 At
731 3460 888 3528 ubicunque
913 3477 984 3513 unus
1004 3477 1038 3513 ex
1057 3459 1197 3514 codicibus
1217 3479 1231 3514 c
1250 3461 1268 3514 d
1288 3480 1302 3516 e

185 3551 270 3612 prava
295 3535 434 3604 scriptura
461 3551 524 3588 cum
547 3532 657 3586 familia
680 3533 707 3584 Y
725 3531 882 3601 conspirat,
908 3531 938 3584 in
963 3531 1079 3612 reliquis
1108 3531 1214 3585 duobus
1239 3549 1302 3587 oon-

186 3601 290 3658 ieotura
307 3624 403 3660 verum
422 3606 568 3660 inventum
579 3621 637 3658 esse
656 3603 842 3658 certissimum
862 3605 917 3666 est;
936 3619 1018 3656 nemo
1031 3602 1106 3656 enim
1121 3605 1181 3656 tam
1200 3605 1302 3658 stultus

187 3689 251 3810 pesp
262 3678 354 3799 pipant
371 3680 404 3731 ut
422 3675 697 3840 talestlectionesqilpl
701 3674 864 3800 edeinpdri
867 3676 1135 3810 supnpnleprtantes
1135 3679 1302 3730 assumeret:

342 3766 356 3802 c
378 3766 495 3813 ,amrcra
565 3764 595 3800 ro
633 3765 650 3800 a
699 3766 709 3799 1
737 3765 754 3800 a
842 3763 856 3800 e
1060 3763 1074 3799 e
1112 3745 1230 3800 orreum“
1272 3765 1301 3802 ro

189 3785 329 3953 ,1ήὲἰῖιίθὲ
364 3790 443 3943 {lm
420 3820 443 3885 1,
465 3819 510 3872 73:
531 3766 628 3873 epn
568 3815 666 3888 ,opus“
687 3835 737 3887 pro
759 3814 865 3887 ,opes“.
894 3788 928 3883 Ii,
949 3787 973 3882 5,
993 3816 1042 3870 47:
1070 3834 1084 3871 e
1106 3816 1228 3882 ,rutilis“
1250 3767 1301 3889 dre

203 3907 233 3942 ru
249 3887 427 3944 us“a1as.

273 3989 300 4057 2)
320 3991 379 4045 Hoc
397 3993 458 4047 loco
476 3991 700 4046 abachmanno
692 4010 723 4045 ιιι
742 3993 881 4062 apparatu
897 3991 994 4045 critico
1010 3994 1133 4046 erratum
1152 4009 1219 4058 esse,
1239 4012 1302 4048 cum

185 4064 313 4120 Heinsius
332 4079 382 4133 pro
401 4063 503 4117 codicis
522 4061 554 4115 Α1
573 4062 692 4118 lectione
718 4063 848 4118 exhibeat
869 4079 939 4127 ,non
967 4065 996 4117 et
1014 4062 1138 4130 amans&
1157 4065 1194 4120 M.
1213 4035 1301 4120 lioth-

185 4137 299 4192 steinius
318 4154 365 4206 pg.
384 4133 419 4188 40
438 4137 582 4189 memorat.

272 4239 300 4310 3)
319 4243 361 4299 De
379 4240 481 4296 codicis
500 4237 532 4295 Α1
552 4241 690 4312 scriptura
708 4241 821 4296 dubitat
838 4240 1039 4296 Rothsteinius.
