3240 5006
671 417 978 476 ⁴-.28-

311 590 368 651 Sed
391 592 518 652 fortasse
544 591 656 665 „hanc“
684 593 752 666 post
778 590 940 666 „posthac“
967 593 1012 649 est
1034 590 1246 666 supplendum.
1269 589 1325 659 lV,
1344 596 1373 664 7,
1391 595 1432 654 8:

310 680 416 740 AVB
439 681 489 740 de:
513 681 544 740 id
568 681 665 755 v'enio,
690 680 797 741 ceteri:
822 680 853 739 id
875 698 971 740 nemo.

400 768 457 830 Sed
488 790 523 830 ex
558 770 603 828 his
633 770 798 830 lectionum
829 769 1028 830 varietatibus
1060 767 1135 827 nihil
1164 769 1222 828 nisi
1252 769 1306 828 hoc
1329 771 1433 844 potest

310 859 422 936 colligi,
446 862 612 936 utrumque
634 859 725 918 unius
750 859 942 933 eiusdemque
966 857 1069 932 stirpis
1094 877 1155 918 esse
1178 858 1368 936 progeniem3
1393 859 1430 918 de

309 947 468 1008 affinitatis
491 949 589 1026 mado
612 949 680 1009 hinc
703 948 779 1007 nihil
802 949 886 1008 certi¹
899 966 996 1008 eruas.
1044 946 1150 1007 Potuit
1181 948 1259 1006 enim
1290 967 1370 1008 unus
1395 968 1432 1008 ex

311 1037 406 1097 altero
428 1037 491 1114 ipse
514 1056 576 1097 esse
599 1041 766 1116 prognatus
788 1037 833 1096 ita
856 1040 892 1096 ut
911 1037 973 1096 solo
989 1039 1112 1112 parente
1128 1037 1166 1096 ad
1182 1037 1318 1096 criticam
1334 1040 1430 1096 artem

310 1127 506 1186 factitandum
528 1127 613 1186 nobis
637 1146 712 1204 opus
736 1130 822 1198 esset,
847 1126 977 1186 alterum
1000 1125 1113 1201 optimo
1137 1127 1204 1186 iure
1233 1127 1430 1186 abiceremus.

310 1215 395 1276 Hane
419 1217 624 1292 quaestionem
646 1216 744 1294 igitur
767 1215 1041 1286 diiudicaverimus‚
1066 1215 1091 1274 si
1115 1220 1168 1274 aut
1190 1234 1289 1276 omnes
1306 1215 1432 1276 alterius

310 1305 451 1366 lectiones
474 1305 606 1368 diversas
629 1305 746 1365 librarii
769 1305 904 1366 socordia
934 1305 983 1365 vel
1013 1304 1244 1379 interpolatione
1275 1305 1432 1380 irrepsisse

310 1397 364 1454 aut
386 1395 461 1454 tales
483 1394 562 1454 inter
585 1398 751 1471 utrumque
766 1395 879 1454 librum
895 1394 996 1454 extare
1011 1393 1224 1470 discrepantias
1240 1394 1431 1464 evicerimus,

310 1484 414 1559 quales
446 1483 525 1544 inter
556 1487 673 1560 patrem
696 1487 727 1544 et
749 1483 863 1555 filium,
892 1487 929 1542 ut
951 1483 996 1543 ita
1018 1482 1134 1558 dicam,
1167 1483 1350 1543 intercedere
1372 1501 1433 1542 uon

311 1576 357 1638 est
380 1572 444 1632 veri
466 1573 572 1634 simile.

399 1660 479 1722 Sunt
494 1681 564 1723 vero
587 1663 735 1738 plurimae
750 1662 968 1724 vocabulorum
991 1660 1153 1721 varietates
1176 1679 1227 1722 eae
1250 1681 1328 1738 quae
1351 1681 1434 1720 mera

309 1751 503 1811 librariorum
537 1752 728 1831 neglegentia
763 1755 793 1811 et
824 1750 958 1822 inscitie,
994 1751 1082 1825 lapsu
1114 1750 1221 1810 calami
1254 1751 1303 1810 vel
1340 1751 1432 1810 etiam

310 1840 477 1916 scripturae
508 1841 689 1918 compendiis
720 1841 819 1902 minus
851 1843 930 1900 recte
962 1839 1123 1900 intellectis
1155 1842 1239 1899 ortae
1262 1859 1325 1900 esse
1347 1840 1432 1900 vide-

311 1933 411 2004 antur,
436 1930 522 1990 velut
544 1930 570 2003 1,
598 1937 626 2002 5,
654 1935 711 1994 50:
736 1930 778 1988 V:
803 1929 945 1999 tristitia,
970 1949 1023 2004 per
1046 1929 1278 2007 geminationem
1301 1949 1335 1988 ax
1359 1947 1433 1990 voce

204 2075 207 2081 .
312 2019 451 2095 „tristia“
471 2039 562 2094 quam
585 2021 613 2078 A
636 2020 766 2090 exhibet,
791 2018 815 2092 I,
842 2024 871 2089 3,
897 2023 956 2084 38:
980 2018 1025 2076 A:
1050 2015 1139 2088 vedis,
1164 2017 1208 2076 V:
1233 2018 1352 2092 veteris,
1378 2039 1432 2094 pro

310 2128 372 2185 qua
405 2108 532 2168 lectione
567 2109 659 2170 ceteri
691 2109 767 2168 recti
798 2109 944 2184 praebent
978 2107 1127 2182 „ventis“.
1181 2106 1327 2167 Attamen
1362 2109 1431 2167 talis

310 2197 508 2257 Ambrosiano
525 2217 594 2257 cum
611 2198 755 2257 Vaticano
777 2196 936 2256 intercedit
958 2197 1046 2267 ratio,
1070 2200 1108 2256 ut
1130 2216 1188 2256 non
1212 2216 1328 2272 semper
1350 2197 1425 2257 idem

310 2307 413 2346 veram
443 2289 473 2344 et
504 2307 677 2364 germanam
700 2286 808 2346 codicis
831 2285 987 2362 archetypi
1010 2285 1168 2346 lectionem
1191 2288 1352 2361 praebeat,
1381 2287 1425 2346 sed

309 2375 397 2435 modo
412 2375 460 2434 hic
475 2377 563 2436 modo
578 2377 629 2436 ille
645 2375 718 2452 quid
733 2377 764 2434 in
780 2377 942 2451 archetypo
959 2375 1103 2447 extiterit,
1128 2376 1275 2436 ostendat.
1323 2375 1339 2434 1
1355 2395 1430 2451 aque

310 2485 379 2524 cnm
404 2485 439 2524 ex
460 2467 551 2526 tertio
576 2466 678 2542 aliquo
695 2466 828 2526 eiusdem
843 2465 975 2524 familiae
993 2465 1092 2526 o'odice
1108 2464 1249 2524 Vaticani
1272 2465 1432 2527 librarium

310 2554 475 2630 scripturas
498 2573 568 2615 suas
592 2555 825 2631 praestantiores
849 2555 1056 2629 assumpsisse,
1081 2573 1139 2612 non
1161 2554 1325 2614 habeamus
1349 2554 1431 2629 quod

309 2644 513 2719 suspicemur,
546 2645 676 2704 codicem
704 2644 732 2701 V
764 2664 800 2702 ex
834 2643 1033 2704 Ambrosiauo
1063 2643 1247 2719 descriptum
1280 2661 1341 2702 esse
1371 2662 1431 2701 non

309 2750 395 2807 posse
411 2737 544 2808 apparet.
583 2733 638 2793 Est
660 2733 758 2811 igitur
774 2735 804 2792 et
826 2733 917 2794 codex
939 2732 966 2789 A
991 2736 1021 2793 et
1046 2733 1137 2792 codex
1159 2732 1187 2789 V
1210 2731 1300 2792 unius
1320 2732 1429 2808 patris,

310 2824 347 2879 ut
369 2822 415 2880 111
437 2822 552 2896 dicam,
585 2822 684 2892 filius,
717 2842 814 2897 neque
845 2821 905 2881 alia
929 2821 1067 2888 affinitas,
1084 2821 1163 2881 inter
1186 2840 1235 2882 eos
1259 2821 1427 2892 intercedit,

310 2909 368 2968 nisi
392 2929 425 2969 ea
448 2931 526 2986 quae
549 2911 627 2972 inter
650 2911 782 2970 diversos
805 2911 895 2969 unius
918 2911 1019 2988 stirpis
1042 2912 1183 2970 ramulos.

400 2999 485 3070 Quod
508 3003 545 3060 ut
568 3001 709 3076 exemplis
732 3000 805 3059 satis
827 3000 1017 3071 illustretur,
1042 3001 1162 3060 afferam
1184 2999 1329 3060 maximas
1350 2999 1428 3058 inter

310 3087 402 3149 libros
425 3089 453 3147 A
477 3092 508 3148 et
530 3089 558 3146 V
581 3089 795 3165 discrepantias
817 3089 861 3147 ita
883 3093 919 3148 nt
943 3107 991 3148 eas
1014 3089 1155 3148 lectiones
1178 3108 1254 3165 quas
1276 3089 1308 3147 in
1331 3088 1429 3149 codice

310 3177 471 3254 utriusque
487 3179 650 3255 archetypo
667 3179 800 3238 extitisse
816 3178 940 3252 arbiter,
953 3177 1051 3254 priore
1066 3179 1130 3238 loco
1146 3199 1271 3255 ponam:
1285 3177 1310 3250 Ι,
1328 3183 1354 3248 l,
1371 3182 1428 3242 19:
1480 3176 1483 3181 ’

311 3265 339 3322 V
352 3265 378 3325 G
390 3267 430 3327 01
455 3266 550 3328 felicis
565 3303 604 3312 -
618 3268 646 3325 A
658 3267 683 3324 B
696 3265 749 3326 A¹:
775 3267 884 3339 felices,
901 3267 977 3326 miro
994 3286 1102 3329 errore.
1119 3267 1144 3339 1,
1161 3274 1189 3340 1,
1204 3273 1262 3332 24:
1280 3266 1379 3326 AGB
1390 3266 1428 3326 01

311 3356 428 3427 clamet,
453 3354 544 3430 VAJ:
569 3356 688 3416 clamat.
735 3356 760 3424 Ι,
787 3361 817 3428 2,
843 3361 902 3420 93:
927 3355 1009 3416 Vc:
1035 3357 1136 3418 debita
1165 3391 1200 3402 -
1228 3357 1256 3414 A
1278 3357 1428 3417 Lachm.

311 3445 412 3505 dedita
447 3446 533 3521 (item
562 3445 604 3516 ΙΙ,
630 3451 659 3519 5,
688 3451 725 3510 11
751 3444 875 3516 Ave,
907 3444 967 3504 Βο
1000 3447 1159 3507 exhibent:
1198 3446 1274 3521 „tibi
1309 3446 1429 3505 debitus
1553 3459 1556 3466 ’

311 3539 442 3612 augur“,
475 3536 556 3611 quod
578 3535 608 3593 in
633 3534 695 3595 solo
719 3531 754 3592 ΑΙ
777 3535 808 3592 11
834 3534 992 3610 „deditusu
1025 3535 1102 3595 illud
1132 3535 1251 3595 facilius
1274 3535 1429 3595 intellectu

311 3627 478 3684 correctum
507 3627 575 3702 est.)
621 3624 646 3698 I,
672 3629 702 3696 3,
728 3629 786 3688 63:
822 3622 907 3682 AG:
932 3624 986 3695 Ae,
1011 3623 1068 3684 Be:
1094 3623 1168 3695 Hae,
1193 3619 1264 3682 VAl
1286 3624 1340 3684 de:
1376 3624 1428 3694 At,

312 3733 403 3790 quam
426 3712 583 3774 lectionem
607 3716 732 3789 apparet
755 3732 817 3774 esse
841 3716 1024 3790 corruptam,
1049 3713 1190 3789 quoniam
1212 3712 1316 3772 statim
1339 3733 1369 3772 v.
1388 3719 1427 3778 67

310 3802 461 3879 particula
486 3803 566 3879 ,Ar‘
586 3803 733 3880 sequitur,
759 3802 941 3880 epanalepsis
958 3806 1059 3862 autem
1076 3803 1208 3862 hocloco
1224 3802 1297 3861 ferri
1312 3803 1427 3878 nequit.

310 3893 336 3968 I,
361 3898 392 3963 4,
418 3898 477 3958 56:
502 3891 575 3964 VG,
599 3891 745 3957 Lacbm.
771 3893 861 3964 volet,
886 3891 930 3950 A:
954 3892 1036 3952 velit.
1076 3891 1102 3963 I,
1116 3897 1146 3962 4,
1165 3895 1223 3955 81:
1248 3889 1324 3962 VG,
1341 3889 1427 3950 A¹O:

311 3982 380 4042 Heu
405 3981 473 4053 hen,
498 3980 580 4043 AB:
605 3981 721 4042 Heheu.
768 3980 794 4053 I,
819 3987 848 4054 6,
874 3986 931 4046 38:
956 3980 1032 4052 AG,
1057 3977 1147 4043 A10:
1176 3981 1319 4055 detrecto,
1344 3979 1427 4039 VB:

312 4071 456 4142 detracto,
481 4089 563 4131 mero
587 4090 694 4132 errore.
740 4067 765 4141 Ι,
792 4078 821 4144 7,
847 4076 905 4134 57:
930 4068 1006 4141 110,
1031 4067 1106 4132 Ab:
1140 4068 1211 4144 Nee,
1236 4070 1346 4129 ABd:
1371 4069 1426 4130 Ne.

310 4159 336 4234 I,
362 4164 392 4234 8,
417 4164 478 4225 41:
503 4160 586 4220 AG:
610 4160 759 4230 iuventas,
784 4155 914 4218 VA¹B:
938 4159 1073 4230 iuventa,
1098 4158 1138 4218 01
1154 4159 1307 4219 iuventus.
1331 4157 1356 4229 1,
1377 4163 1426 4228 10,

312 4245 1425 4330 411111111111,111111,111111111111111,
