3240 5006
746 410 964 472 „30-

297 581 394 642 forma
416 601 452 642 ex
475 581 626 658 scriptura
649 581 757 644 codicis
781 581 938 642 cuiusdam
954 583 1007 659 qui
1032 581 1224 643 exhibuerat:
1248 580 1316 658 Ipse
1338 581 1418 642 inter

190 703 193 711 .
297 689 402 749 greges
418 671 557 748 interque
573 673 641 744 etc,
665 689 736 730 voce
752 690 830 747 quae
846 675 892 731 est
916 676 1012 749 ,qoe“
1031 690 1122 747 super
1136 671 1220 747 prins
1236 671 1417 732 vocabulum

299 759 415 835 ,inter“
451 760 670 836 superscripta3
707 760 788 836 quod
821 779 889 820 cum
919 761 1015 821 scriba
1044 778 1104 819 non
1136 762 1216 820 reete
1238 759 1417 838 intellegens

296 852 365 910 aute
388 867 490 910 vocem
516 849 631 924 „inter“
658 850 839 926 particulam
862 850 956 923 illam,
980 851 1078 910 forma
1100 849 1132 908 in
1153 853 1310 926 „quoque“
1337 868 1417 909 oom-

296 940 416 999 muteta
449 938 505 1015 (sic
535 938 584 999 vel
606 939 744 999 similiter
766 940 881 998 factum
903 942 992 1016 puto)
1023 939 1218 1010 inseruisset,
1250 938 1359 998 codicis
1390 938 1417 996 A

296 1028 438 1088 librarius
467 1030 505 1087 ut
527 1029 630 1088 versui
652 1031 858 1100 succurreret,
889 1029 1071 1089 vocabulum
1095 1027 1175 1104 quod
1199 1029 1244 1086 est
1270 1032 1414 1106 „greges“

296 1117 327 1176 in
354 1122 480 1196 ,agros“
507 1117 751 1189 transformavit,
784 1117 923 1178 Vaticani
953 1121 1056 1177 autem
1079 1117 1177 1176 scriba
1199 1117 1348 1177 intactum
1370 1137 1417 1175 re·

295 1206 404 1284 liquit,
439 1208 483 1266 ita
506 1210 543 1266 ut
566 1211 646 1266 certe
670 1207 925 1283 Guelferbytanus
956 1226 1132 1284 germanam
1164 1225 1269 1266 versus
1291 1207 1417 1266 formam

296 1297 436 1358 exhibeat
458 1296 554 1356 solus:

442 1384 511 1461 Ipse
533 1384 673 1461 interque
695 1403 801 1462 greges
825 1385 964 1460 interque
988 1388 1124 1445 armenta
1148 1382 1272 1460 Cupido.

385 1474 476 1534 Vides
499 1474 611 1550 quibus
639 1472 711 1532 locis
735 1475 826 1535 codex
849 1472 875 1533 G
898 1493 967 1534 oum
989 1493 1051 1533 uno
1075 1475 1209 1535 alterove
1232 1473 1366 1534 codicum
1389 1473 1418 1532 A

296 1566 327 1624 et
350 1563 377 1620 V
400 1563 576 1636 consentiat,
601 1562 690 1620 illum
712 1562 774 1623 fere
796 1582 899 1622 veram
922 1563 1080 1624 lectionem
1096 1565 1247 1639 praehere,
1272 1582 1341 1622 oum
1364 1566 1418 1622 aut

295 1653 324 1712 A
347 1656 401 1712 aut
425 1651 452 1710 V
476 1653 514 1712 ab
538 1652 694 1728 archetypi
718 1653 869 1728 scriptura
891 1652 1085 1714 aberraverit.
1097 1655 1120 1727 ι)

385 1741 443 1801 Sed
475 1742 579 1801 extant
610 1741 701 1800 etiam
731 1743 899 1818 complures
922 1742 997 1815 loci,
1022 1741 1134 1817 quihus
1158 1759 1239 1800 unus
1262 1739 1291 1798 A
1313 1743 1417 1800 contre

296 1849 472 1892 eonsensum
495 1831 626 1890 duorum
648 1830 777 1890 aliorum
799 1831 831 1891 id
854 1832 936 1907 quod
959 1831 1141 1906 archetypus
1164 1829 1323 1905 praebuit,
1348 1848 1418 1906 pro·

296 1922 432 1998 pagavit
457 1921 558 1981 velut:
595 1918 620 1991 Ι,
646 1925 676 1994 6,
704 1925 761 1985 12:
792 1918 830 1992 A,
843 1917 935 1982 A¹B:
970 1923 1044 1980 tunc
1067 1919 1184 1999 (reete),
1208 1918 1291 1979 VG:
1327 1939 1417 1994 nuno,

296 2011 376 2086 quod
400 2011 509 2069 horum
531 2012 661 2086 uterque
689 2009 766 2069 falso
795 2011 918 2085 propter
941 2009 1117 2069 antecedens
1144 2012 1261 2082 ,nunc“
1288 2009 1417 2084 scripsit.

296 2098 338 2173 11,
367 2104 478 2174 1,22:
515 2097 599 2157 AB:
634 2098 766 2176 ingeret,
802 2097 885 2170 VG,
909 2093 992 2156 A¹c:
1017 2097 1150 2175 ingerat,
1186 2098 1267 2175 quod
1302 2097 1427 2158 librarii.

296 2187 495 2249 coniunctius
530 2205 672 2247 versuum
710 2192 748 2251 19
783 2189 813 2246 et
843 2191 884 2250 20
918 2186 1040 2246 adducti
1071 2188 1274 2247 correxerunt.
1321 2186 1416 2268 12⁴5,

298 2282 358 2343 64:
383 2276 493 2336 ABd:
517 2276 642 2349 Numer,
666 2275 694 2332 V
707 2275 749 2336 G:
775 2275 897 2346 Nomai,
921 2275 995 2336 falso
1019 2279 1257 2348 commutatum
1282 2271 1414 2336 A¹V²ce

295 2369 377 2426 recte
400 2368 611 2426 correxerunt:
636 2364 756 2426 Vescar.
783 2363 838 2439 IV,
858 2371 886 2439 l,
906 2370 966 2429 171
979 2385 986 2423 τ
1011 2364 1039 2423 A
1054 2365 1079 2422 B
1092 2364 1131 2424 O:
1156 2364 1247 2436 lenta,
1273 2364 1300 2421 V
1313 2364 1350 2439 G,
1366 2361 1416 2424 A¹·.

296 2456 377 2536 lqta‚
413 2474 428 2514 e
451 2474 545 2531 prava
568 2454 757 2526 coniectura,
792 2473 861 2515 oum
883 2453 998 2514 scribae
1021 2455 1169 2514 librorum
1191 2455 1303 2514 laetam
1326 2455 1419 2514 vitem

295 2547 332 2604 ut
355 2545 474 2620 saepius
497 2545 608 2604 dictam
632 2561 694 2604 esse
717 2544 903 2621 putaverint.

386 2633 548 2694 Nonnullis
578 2651 650 2692 vero
681 2632 753 2694 loeis
785 2633 892 2693 codicis
915 2632 944 2691 A
972 2633 1114 2693 librarius
1148 2638 1229 2694 recte
1263 2632 1419 2709 archetypi

295 2723 453 2784 lectionem
486 2722 669 2792 emendavit,
705 2722 807 2782 velut:
831 2722 857 2794 Ι,
883 2728 912 2793 3,
941 2725 998 2786 13:
1032 2721 1107 2792 VG,
1145 2718 1221 2782 A¹d:
1256 2742 1417 2798 nusquam,

296 2811 405 2872 ABc:
440 2831 604 2888 nunquam.
650 2810 692 2885 II,
718 2816 747 2886 2,
776 2817 814 2876 19
846 2811 878 2870 in
901 2810 929 2869 A
952 2811 1103 2886 particula
1134 2813 1203 2886 „et“
1230 2811 1338 2872 emisse
1362 2815 1416 2882 est,

296 2921 388 2977 quam
412 2900 478 2960 VG
502 2921 537 2961 ex
560 2900 722 2976 archetypo
745 2900 879 2966 tradunt.
926 2899 979 2972 IV,
1008 2905 1035 2970 1,
1061 2905 1101 2964 55
1126 2901 1254 2978 denique
1269 2901 1298 2960 A
1321 2901 1418 2960 solum

296 2990 417 3050 exhibet
442 2993 610 3064 ,vertere“‚
635 3009 704 3049 oum
726 2989 868 3050 librarius
890 2989 921 3048 id
937 2989 1018 3065 quod
1032 2989 1064 3047 in
1081 2989 1244 3066 archetypo
1261 2990 1416 3050 exaratum

298 3084 371 3152 erat,
396 3098 453 3139 non
478 3079 666 3157 intellegens
698 3079 778 3139 siout
801 3080 890 3138 etiam
913 3079 987 3137 alias
1009 3078 1090 3153 fecit,
1115 3079 1296 3155 particulam
1321 3080 1412 3154 ,con“

295 3170 382 3245 plane
405 3169 548 3229 omiserit.
753 3178 755 3182 ’

384 3258 449 3318 Iam
473 3259 598 3334 apparet
620 3257 712 3319 libros
740 3257 768 3316 A
792 3259 822 3316 et
845 3256 873 3313 V
897 3255 1078 3317 auctoritate
1108 3257 1170 3318 fere
1201 3255 1287 3334 pares
1320 3275 1416 3333 neque

295 3349 396 3407 tamen
426 3346 625 3422 interpolandi
648 3347 820 3407 temeritate
843 3347 931 3421 plane
954 3345 1063 3407 liberos
1086 3365 1158 3421 esse,
1182 3366 1250 3406 oum
1274 3347 1304 3405 in
1328 3347 1416 3405 utro-

296 3455 356 3512 que
391 3436 591 3512 aequabiliter
625 3439 827 3496 oorreotorum
865 3435 1112 3496 commutationes
1150 3435 1414 3510 deprehendamus.

296 3525 407 3585 Tamen
430 3525 530 3586 codice
554 3523 806 3601 Guelferbytano,
831 3543 921 3599 quem
952 3524 1029 3584 alius
1051 3525 1181 3584 familiae
1205 3542 1268 3584 esse
1290 3525 1339 3584 hie
1362 3543 1415 3601 pro

296 3617 378 3674 certo
402 3633 497 3691 pono,
521 3615 600 3673 infra
622 3613 720 3676 fusius
743 3614 963 3687 demonstrabo,
988 3613 1139 3684 adhibito,
1170 3613 1278 3672 codicis
1300 3617 1338 3673 ut
1361 3615 1415 3673 hoe

296 3705 388 3764 verbo
410 3707 481 3763 utar
504 3703 636 3779 parentis
659 3701 704 3784 (et
727 3703 791 3762 eius
815 3723 850 3763 ex
873 3722 933 3779 quo
956 3721 1063 3779 parens
1085 3705 1176 3761 natus
1199 3704 1256 3777 est)
1289 3704 1416 3778 speciem

297 3793 436 3871 colligere
464 3811 632 3868 possumus.
678 3791 752 3850 Erat
782 3792 834 3852 ille
866 3791 1088 3853 characteribus
1120 3791 1340 3868 langobardicis
1364 3811 1414 3851 ex-

295 3885 412 3953 aratus,
446 3882 477 3941 id
500 3882 578 3958 quod
610 3901 646 3940 ex
677 3880 787 3942 litteris
810 3902 832 3941 u
856 3884 886 3941 et
908 3902 938 3952 n,
962 3883 1088 3954 ueta,
1112 3883 1226 3953 cett,
1256 3901 1287 3938 m
1319 3883 1349 3941 et
1371 3883 1413 3957 in,

296 3972 362 4030 aliis
385 3972 465 4032 inter
487 3990 518 4032 se
542 3969 672 4032 confusis
696 3971 812 4042 elucet,
848 3973 878 4030 et
907 3971 997 4029 unius
1029 3969 1160 4028 familiae
1184 3973 1247 4030 erat
1270 3989 1413 4048 propago,

386 4184 412 4252 1)
430 4184 650 4240 Lachmanniani
665 4185 747 4239 modo
767 4203 829 4240 cum
843 4185 894 4239 hoo
907 4185 988 4239 modo
1002 4203 1065 4238 cum
1079 4184 1128 4252 illo
1147 4187 1305 4254 congruunt
1323 4201 1413 4252 neque

296 4259 399 4319 certam
420 4258 511 4327 legem
530 4256 609 4324 sequi
627 4256 765 4310 videntur.
