3240 5006
803 443 1000 499 ...8-

495 616 573 674 Nam
597 609 669 674 cura
692 618 831 685 novatur,

429 702 504 761 (lum
528 707 733 764 memorante
757 707 838 764 actos
862 724 977 781 semper
1001 705 1086 765 dolor
1109 706 1248 764 admonet
1272 724 1374 780 annos

339 812 436 866 neque
465 793 637 871 languidius
670 793 861 870 ieiuniusque
892 794 972 854 dicta
996 796 1057 863 est,
1092 814 1183 870 quam
1211 814 1264 870 pro
1288 798 1462 874 panegyrici

341 882 472 941 auctoris
505 882 648 960 ingenio,
686 887 715 942 ct
749 884 899 959 scriptura
937 884 1084 957 „accitos“
1126 883 1212 943 facile
1247 904 1282 942 ex
1316 887 1461 946 vocabulo

344 974 463 1044 „actos“
489 972 591 1047 potuit
614 972 733 1050 corrigi,
757 974 801 1032 ita
825 977 861 1031 ut
877 973 959 1031 ultro
972 975 1079 1032 subeat
1098 973 1254 1048 suspicari,
1280 975 1461 1049 particulam

343 1062 449 1134 „aare
468 1060 500 1118 in
517 1060 615 1121 codice
632 1062 762 1136 quodam
778 1065 847 1121 ante
864 1081 966 1122 vocem
985 1065 1105 1136 „actos“
1134 1063 1274 1122 excidisse
1298 1068 1461 1140 posteaque

339 1150 413 1208 hanc
437 1149 526 1210 metri
550 1170 643 1209 causa
666 1151 696 1208 in
724 1152 871 1224 „accit0s“
899 1151 975 1209 illud
1000 1169 1061 1210 esse
1084 1151 1341 1210 transformatam.

427 1239 481 1309 IV,
511 1246 541 1309 l,
569 1245 632 1302 210
657 1239 699 1298 1⁴¹:
732 1239 997 1316 Quandocunque,
1033 1240 1142 1298 ceteri:
1179 1239 1215 1298 In
1251 1261 1460 1317 quemcunque

340 1328 488 1387 hominem
515 1348 563 1386 me
586 1329 676 1405 longa
698 1330 844 1404 receperit
868 1333 957 1390 aetas,
996 1328 1042 1387 Ne
1066 1329 1121 1387 hoc
1146 1329 1268 1403 quidem
1292 1331 1356 1389 loco
1380 1331 1461 1408 frag·

339 1417 432 1475 menti
456 1418 638 1492 scripturam
661 1417 726 1476 iure
749 1438 766 1475 a
789 1417 961 1495 panegyrici
985 1421 1107 1476 auctore
1124 1417 1290 1476 abiudicari
1314 1420 1459 1478 existimo.

339 1504 425 1575 Quod
442 1507 520 1565 enim
535 1506 733 1565 Baehreusius
756 1507 775 1570 1,
793 1507 812 1569 l.
838 1507 866 1564 in
885 1507 1037 1565 Ouiaciani
1054 1506 1206 1581 scriptura
1228 1525 1290 1566 sese
1314 1509 1460 1568 offendere

339 1594 430 1668 dicit,
462 1595 493 1653 id
528 1595 626 1655 nescio
659 1615 695 1653 an
720 1596 854 1678 excusari
878 1596 981 1670 possit.
1029 1594 1133 1672 Longa
1169 1598 1248 1654 certe
1279 1597 1332 1654 illa
1368 1600 1459 1672 aetas,

339 1703 430 1758 quam
453 1688 542 1760 poete
566 1688 716 1754 autumat,
740 1684 814 1743 item
838 1687 929 1761 atque
953 1685 1026 1744 alias
1053 1685 1195 1761 „longum
1212 1690 1337 1744 eevum“
1365 1688 1414 1745 vel
1428 1688 1460 1745 in

338 1792 428 1832 versu
451 1773 608 1833 undecimo
631 1774 721 1832 huius
745 1773 884 1832 carminis
919 1774 1055 1851 „longior
1079 1777 1179 1832 aetas“
1215 1775 1251 1835 de
1274 1777 1459 1852 temporibus

337 1862 452 1922 futuris
484 1865 620 1935 tantum,
656 1863 693 1922 de
729 1865 827 1923 aetate
861 1863 1020 1922 remotiore
1055 1866 1203 1938 usurpata
1234 1882 1296 1924 esse
1326 1865 1458 1935 videtur,

338 1972 434 2027 neque
458 1952 489 2010 in
512 1953 567 2011 hec
591 1952 741 2011 versione:
779 1951 897 2026 „Wann
928 1953 1034 2012 immer
1066 1951 1113 2010 die
1145 1953 1228 2011 ferne
1251 1954 1380 2014 zukunft
1402 1956 1460 2013 mir

338 2041 448 2100 wieder
478 2041 749 2118 menschengestalt
781 2042 931 2101 verleihen
954 2042 1047 2100 wird“
1082 2042 1248 2118 quidquam
1278 2045 1390 2117 poteris
1414 2045 1458 2103 of-

339 2129 468 2189 fendere.
525 2130 686 2189 Baehrensi
718 2131 920 2190 coniecturam
956 2130 1052 2204 „Seu“
1086 2132 1152 2190 ideo
1184 2132 1364 2190 reiciendam
1396 2151 1457 2190 esse

338 2237 451 2289 censeo,
477 2220 556 2295 quod
581 2238 649 2278 cum
672 2220 703 2276 in
728 2220 971 2279 antecedentibus
997 2220 1131 2279 versibus
1148 2225 1320 2283 207—209
1337 2223 1455 2294 tempus

265 2345 266 2352 κ
337 2308 476 2366 futurum
514 2312 596 2367 extet
631 2308 836 2387 (Seu-finget,
861 2305 1076 2387 Sive-uehar),
1114 2310 1167 2368 hoc
1198 2327 1287 2367 versu
1316 2307 1456 2365 futurum

339 2401 475 2456 exactum
499 2398 672 2460 revertitur.
719 2399 816 2477 Magis
848 2401 947 2475 placet
978 2399 1058 2475 quod
1082 2399 1160 2458 idem
1190 2397 1237 2456 vir
1260 2397 1365 2456 doctus
1388 2415 1457 2470 pro-

338 2487 440 2562 posuit
466 2487 579 2561 „Oum“
606 2488 655 2546 vel
681 2488 780 2562 ,‚Ut“;
813 2489 863 2548 sed
887 2489 1055 2548 mutatione
1079 2489 1198 2547 omnino
1222 2503 1297 2562 opus
1320 2503 1379 2543 non
1403 2485 1458 2541 est.

427 2594 481 2666 IV,
510 2600 536 2666 1,
563 2599 602 2658 55
627 2594 668 2654 F:
693 2596 791 2654 lothes
808 2599 920 2671 captae,
945 2597 1054 2656 ceteri:
1080 2596 1200 2670 cyclops
1222 2597 1351 2669 tempus.
1388 2588 1459 2647 Edi-

339 2687 419 2743 tores
443 2683 595 2742 scribunt:

535 2773 599 2832 Nec
622 2773 721 2831 valuit
744 2771 821 2832 lotos
845 2775 964 2847 coeptos
989 2773 1125 2830 avertere
1149 2788 1264 2831 cursus.

339 2860 396 2920 Sed
411 2879 469 2919 vox
486 2880 562 2937 quae
579 2865 624 2920 est
651 2864 790 2937 „ceptos“
819 2860 931 2936 optime
954 2860 984 2917 in
1008 2860 1088 2918 viros
1111 2859 1167 2916 loti
1183 2851 1329 2938 μελιηδεῖ
1343 2852 1460 2936 καρπῷ

338 2951 500 3024 retentos1)
526 2952 673 3026 quadrare
697 2951 826 3023 videtur,
852 2953 888 3008 ut
911 2969 976 3008 eam
998 2948 1028 3005 in
1053 2945 1258 3005 vetustissimo
1275 2945 1374 3004 codice
1392 2964 1459 3002 exa-

338 3042 435 3098 ratam
459 3040 520 3098 sine
543 3047 634 3100 causa
658 3041 773 3100 abicere
796 3059 855 3098 non
880 3039 994 3110 ausim3
1020 3056 1074 3096 cur
1097 3054 1155 3093 non
1179 3036 1254 3093 hanc
1277 3034 1459 3109 scripturam

338 3129 440 3204 potius
464 3129 643 3204 recipimus:

525 3218 607 3292 „Nec
629 3218 728 3277 veluit
751 3218 828 3277 lotos
852 3220 954 3292 captos
979 3217 1114 3275 avertere
1137 3216 1276 3274 cursu“?

430 3305 484 3378 IV,
513 3313 540 3378 1,
569 3313 629 3371 175
654 3307 696 3364 F:
728 3307 835 3380 ierint,
865 3305 971 3366 ceteri:
1004 3305 1137 3380 poscent.
1183 3301 1366 3363 Lachmanni
1390 3321 1460 3361 con-

337 3395 453 3455 iectura
480 3396 622 3470 „cierint“
649 3415 708 3454 nou
740 3395 836 3472 magis
868 3391 1033 3454 necessaria
1057 3395 1178 3453 videtur
1202 3412 1293 3468 quam
1317 3390 1461 3468 Scaligeri

342 3505 414 3560 „per
438 3485 534 3545 claros
558 3485 678 3544 ierint“.
724 3483 844 3561 Optime
862 3484 938 3544 enim
963 3483 1126 3562 fragmenti
1149 3483 1238 3542 lectio
1263 3500 1331 3540 curn
1355 3479 1461 3539 ceteris

339 3592 443 3634 versus
467 3574 567 3634 verbis
591 3573 749 3651 congruit:

466 3681 557 3758 linge,
582 3682 636 3741 ubi
659 3681 826 3756 praeclaros
849 3679 939 3738 ierint
962 3682 1017 3738 tua
1040 3678 1121 3738 facta
1144 3677 1330 3752 triumphos;

337 3807 407 3845 nam
422 3788 502 3847 sicut
519 3787 624 3847 dicunt
644 3806 801 3863 „pompam
817 3787 865 3845 vel
882 3785 1022 3861 exequias
1045 3785 1121 3856 ire“,
1146 3785 1189 3844 ita
1205 3789 1284 3844 certe
1308 3786 1462 3844 autumari

338 3880 455 3953 potest:
491 3877 592 3950 „faeta
622 3879 677 3935 tue
700 3875 869 3951 triumphos
893 3879 997 3933 eunt“.
1045 3873 1189 3952 Scaligeri
1221 3878 1322 3933 autem
1346 3874 1462 3934 coniec-

342 3970 444 4026 turam
468 3984 654 4042 quamquam
677 3967 772 4041 primo
797 3965 909 4023 obtutu
932 3963 1041 4022 bellam
1056 3966 1157 4023 tamen
1182 3982 1216 4022 eo
1232 3966 1371 4023 vetamur
1386 3963 1462 4023 reci-

341 4074 421 4135 pere,
457 4056 538 4132 quod
568 4076 621 4136 per
651 4055 842 4132 triumphum
874 4053 919 4112 ire
953 4052 1031 4113 idem
1063 4072 1126 4113 esse
1148 4053 1270 4112 videtur
1294 4056 1385 4130 atque
1408 4073 1463 4130 per

341 4205 556 4216 ——n—0—

428 4282 454 4353 l)
474 4285 525 4342 Od.
533 4285 581 4352 IX,
600 4284 635 4338 94
644 4303 684 4357 sq.
691 4307 698 4350 ;
719 4285 844 4359 Propert.
856 4284 881 4354 3,
903 4285 943 4353 12,
963 4286 1012 4341 27:
1032 4287 1160 4356 lotosque
1172 4286 1330 4355 herbaeque
1340 4287 1464 4345 tenaces.
