<?xml version="1.0" encoding="UTF-8"?>
<!DOCTYPE html PUBLIC "-//W3C//DTD XHTML 1.0 Transitional//EN"
    "http://www.w3.org/TR/xhtml1/DTD/xhtml1-transitional.dtd">
<html xmlns="http://www.w3.org/1999/xhtml" xml:lang="en" lang="en">
 <head>
  <title>
</title>
<meta http-equiv="Content-Type" content="text/html;charset=utf-8" />
  <meta name='ocr-system' content='tesseract 3.04.00' />
  <meta name='ocr-capabilities' content='ocr_page ocr_carea ocr_par ocr_line ocrx_word'/>
</head>
<body>
  <div class='ocr_page' id='page_1' title='image "./decodicibustibu02leongoog_0031.png"; bbox 0 0 3240 5006; ppageno 0'>
   <div class='ocr_carea' id='block_1_1' title="bbox 808 446 1029 515">
    <p class='ocr_par' dir='ltr' id='par_1_1' title="bbox 808 446 1029 515">
     <span class='ocr_line' id='line_1_1' title="bbox 808 446 1029 515; baseline 0.005 -21"><span class='ocrx_word' id='word_1_1' title='bbox 808 446 1029 515; x_wconf 71' lang='lat'><strong>...20-</strong></span> 
     </span>
    </p>
   </div>
   <div class='ocr_carea' id='block_1_2' title="bbox 359 617 1481 706">
    <p class='ocr_par' dir='ltr' id='par_1_2' title="bbox 359 617 1481 706">
     <span class='ocr_line' id='line_1_2' title="bbox 359 617 1481 706; baseline -0.001 -22"><span class='ocrx_word' id='word_1_2' title='bbox 359 617 457 706; x_wconf 60' lang='lat' dir='ltr'><strong>loru)</strong></span> <span class='ocrx_word' id='word_1_3' title='bbox 482 629 548 686; x_wconf 88' lang='lat' dir='ltr'><strong>arat</strong></span> <span class='ocrx_word' id='word_1_4' title='bbox 570 626 771 703; x_wconf 88' lang='lat' dir='ltr'><strong>interpolatus</strong></span> <span class='ocrx_word' id='word_1_5' title='bbox 802 625 872 702; x_wconf 86' lang='lat'>(111,</span> <span class='ocrx_word' id='word_1_6' title='bbox 898 631 928 700; x_wconf 87' lang='grc'><strong>6,</strong></span> <span class='ocrx_word' id='word_1_7' title='bbox 954 631 1006 700; x_wconf 85' lang='grc'><strong>44,</strong></span> <span class='ocrx_word' id='word_1_8' title='bbox 1039 628 1093 688; x_wconf 88' lang='lat' dir='ltr'><strong>ubi</strong></span> <span class='ocrx_word' id='word_1_9' title='bbox 1116 627 1322 687; x_wconf 78' lang='lat' dir='ltr'><strong>accusativum</strong></span> <span class='ocrx_word' id='word_1_10' title='bbox 1349 629 1481 702; x_wconf 83' lang='lat' dir='ltr'><strong>„tuum“</strong></span> 
     </span>
    </p>
   </div>
   <div class='ocr_carea' id='block_1_3' title="bbox 359 713 1485 884">
    <p class='ocr_par' dir='ltr' id='par_1_3' title="bbox 359 713 1485 884">
     <span class='ocr_line' id='line_1_3' title="bbox 360 713 1485 792; baseline -0.004 -18"><span class='ocrx_word' id='word_1_11' title='bbox 360 713 529 774; x_wconf 75' lang='lat' dir='ltr'>exhibuisse</span> <span class='ocrx_word' id='word_1_12' title='bbox 559 715 710 792; x_wconf 86' lang='lat' dir='ltr'><strong>videtur);</strong></span> <span class='ocrx_word' id='word_1_13' title='bbox 743 716 833 775; x_wconf 89' lang='lat' dir='ltr'><strong>semel</strong></span> <span class='ocrx_word' id='word_1_14' title='bbox 856 716 887 774; x_wconf 91' lang='lat' dir='ltr'><strong>in</strong></span> <span class='ocrx_word' id='word_1_15' title='bbox 918 734 952 775; x_wconf 92' lang='lat' dir='ltr'><strong>eo</strong></span> <span class='ocrx_word' id='word_1_16' title='bbox 976 735 1131 776; x_wconf 89' lang='lat' dir='ltr'><strong>commune</strong></span> <span class='ocrx_word' id='word_1_17' title='bbox 1161 717 1307 776; x_wconf 90' lang='lat' dir='ltr'><strong>librorum</strong></span> <span class='ocrx_word' id='word_1_18' title='bbox 1332 715 1485 774; x_wconf 87' lang='lat' dir='ltr'><strong>Tibullia-</strong></span> 
     </span>
     <span class='ocr_line' id='line_1_4' title="bbox 359 804 1482 884; baseline -0.002 -22"><span class='ocrx_word' id='word_1_19' title='bbox 359 822 467 864; x_wconf 87' lang='lat' dir='ltr'><strong>norum</strong></span> <span class='ocrx_word' id='word_1_20' title='bbox 490 804 629 864; x_wconf 91' lang='lat' dir='ltr'><strong>mendum</strong></span> <span class='ocrx_word' id='word_1_21' title='bbox 655 805 832 880; x_wconf 73' lang='lat'>(111,3‚22</span> <span class='ocrx_word' id='word_1_22' title='bbox 860 805 976 882; x_wconf 83' lang='lat' dir='ltr'><strong>,gerit“</strong></span> <span class='ocrx_word' id='word_1_23' title='bbox 1002 805 1033 864; x_wconf 92' lang='lat' dir='ltr'><strong>in</strong></span> <span class='ocrx_word' id='word_1_24' title='bbox 1060 805 1194 884; x_wconf 78' lang='lat' dir='ltr'><strong>„regit“)</strong></span> <span class='ocrx_word' id='word_1_25' title='bbox 1219 808 1284 865; x_wconf 88' lang='lat' dir='ltr'><strong>erat</strong></span> <span class='ocrx_word' id='word_1_26' title='bbox 1300 809 1482 875; x_wconf 89' lang='lat' dir='ltr'><strong>correctum,</strong></span> 
     </span>
    </p>
   </div>
   <div class='ocr_carea' id='block_1_4' title="bbox 359 892 1600 978">
    <p class='ocr_par' dir='ltr' id='par_1_4' title="bbox 359 892 1600 978">
     <span class='ocr_line' id='line_1_5' title="bbox 359 892 1600 978; baseline -0.002 -26"><span class='ocrx_word' id='word_1_27' title='bbox 359 892 449 954; x_wconf 86' lang='lat' dir='ltr'><strong>semel</strong></span> <span class='ocrx_word' id='word_1_28' title='bbox 465 893 595 970; x_wconf 87' lang='lat' dir='ltr'><strong>denique</strong></span> <span class='ocrx_word' id='word_1_29' title='bbox 610 893 812 974; x_wconf 79' lang='lat' dir='ltr'><strong>Frisingensia</strong></span> <span class='ocrx_word' id='word_1_30' title='bbox 827 894 1009 970; x_wconf 81' lang='lat' dir='ltr'><strong>interpolata</strong></span> <span class='ocrx_word' id='word_1_31' title='bbox 1025 913 1087 955; x_wconf 87' lang='lat' dir='ltr'><strong>esse</strong></span> <span class='ocrx_word' id='word_1_32' title='bbox 1105 915 1197 971; x_wconf 90' lang='lat' dir='ltr'><strong>supra</strong></span> <span class='ocrx_word' id='word_1_33' title='bbox 1213 915 1264 973; x_wconf 86' lang='lat' dir='ltr'><strong>pg.</strong></span> <span class='ocrx_word' id='word_1_34' title='bbox 1285 900 1321 959; x_wconf 92' lang='lat' dir='ltr'><strong>ll</strong></span> <span class='ocrx_word' id='word_1_35' title='bbox 1348 893 1485 952; x_wconf 86' lang='lat' dir='ltr'><strong>vidimus</strong></span> <span class='ocrx_word' id='word_1_36' title='bbox 1599 973 1600 978; x_wconf 7' lang='grc' dir='ltr'>η</span> 
     </span>
    </p>
   </div>
   <div class='ocr_carea' id='block_1_5' title="bbox 357 977 1546 3358">
    <p class='ocr_par' dir='ltr' id='par_1_5' title="bbox 360 977 949 1060">
     <span class='ocr_line' id='line_1_6' title="bbox 360 977 949 1060; baseline 0.005 -20"><span class='ocrx_word' id='word_1_37' title='bbox 360 981 429 1058; x_wconf 75' lang='grc' dir='ltr'>(ΙΙΙ,</span> <span class='ocrx_word' id='word_1_38' title='bbox 456 985 485 1056; x_wconf 89' lang='grc'><strong>3,</strong></span> <span class='ocrx_word' id='word_1_39' title='bbox 511 988 570 1047; x_wconf 81' lang='lat'><strong>22:</strong></span> <span class='ocrx_word' id='word_1_40' title='bbox 600 983 699 1057; x_wconf 81' lang='lat' dir='ltr'><strong>„Nec“</strong></span> <span class='ocrx_word' id='word_1_41' title='bbox 725 1002 780 1060; x_wconf 91' lang='lat' dir='ltr'><strong>pro</strong></span> <span class='ocrx_word' id='word_1_42' title='bbox 806 977 949 1060; x_wconf 66' lang='lat' dir='ltr'><strong>„Nam“).</strong></span> 
     </span>
    </p>

    <p class='ocr_par' dir='ltr' id='par_1_6' title="bbox 358 1071 1484 1505">
     <span class='ocr_line' id='line_1_7' title="bbox 448 1071 1483 1152; baseline -0.002 -22"><span class='ocrx_word' id='word_1_43' title='bbox 448 1071 556 1147; x_wconf 87' lang='lat' dir='ltr'><strong>Itaque</strong></span> <span class='ocrx_word' id='word_1_44' title='bbox 588 1077 731 1149; x_wconf 89' lang='lat' dir='ltr'><strong>apparet,</strong></span> <span class='ocrx_word' id='word_1_45' title='bbox 766 1073 905 1149; x_wconf 89' lang='lat' dir='ltr'><strong>propiore</strong></span> <span class='ocrx_word' id='word_1_46' title='bbox 936 1073 1124 1152; x_wconf 78' lang='lat' dir='ltr'><strong>cognationis</strong></span> <span class='ocrx_word' id='word_1_47' title='bbox 1163 1074 1260 1151; x_wconf 83' lang='lat' dir='ltr'><strong>gradu</strong></span> <span class='ocrx_word' id='word_1_48' title='bbox 1299 1071 1483 1148; x_wconf 82' lang='lat' dir='ltr'><strong>florilegium</strong></span> 
     </span>
     <span class='ocr_line' id='line_1_8' title="bbox 359 1157 1484 1239; baseline -0.003 -20"><span class='ocrx_word' id='word_1_49' title='bbox 359 1157 511 1222; x_wconf 81' lang='lat' dir='ltr'><strong>Gallicum</strong></span> <span class='ocrx_word' id='word_1_50' title='bbox 542 1161 715 1239; x_wconf 73' lang='lat' dir='ltr'><strong>contingere</strong></span> <span class='ocrx_word' id='word_1_51' title='bbox 739 1163 852 1222; x_wconf 89' lang='lat' dir='ltr'><strong>codices</strong></span> <span class='ocrx_word' id='word_1_52' title='bbox 876 1166 993 1222; x_wconf 90' lang='lat' dir='ltr'><strong>nostros</strong></span> <span class='ocrx_word' id='word_1_53' title='bbox 1023 1163 1203 1222; x_wconf 76' lang='lat' dir='ltr'><strong>recentiores</strong></span> <span class='ocrx_word' id='word_1_54' title='bbox 1235 1181 1326 1238; x_wconf 89' lang='lat' dir='ltr'><strong>quam</strong></span> <span class='ocrx_word' id='word_1_55' title='bbox 1362 1161 1484 1237; x_wconf 80' lang='lat' dir='ltr'><strong>eclogas</strong></span> 
     </span>
     <span class='ocr_line' id='line_1_9' title="bbox 359 1248 1483 1326; baseline -0.002 -16"><span class='ocrx_word' id='word_1_56' title='bbox 359 1248 580 1326; x_wconf 78' lang='lat' dir='ltr'><strong>Frisingenses;</strong></span> <span class='ocrx_word' id='word_1_57' title='bbox 612 1269 681 1310; x_wconf 92' lang='lat' dir='ltr'><strong>cum</strong></span> <span class='ocrx_word' id='word_1_58' title='bbox 711 1251 767 1326; x_wconf 86' lang='lat' dir='ltr'><strong>his¹</strong></span> <span class='ocrx_word' id='word_1_59' title='bbox 782 1253 860 1310; x_wconf 91' lang='lat' dir='ltr'><strong>enim</strong></span> <span class='ocrx_word' id='word_1_60' title='bbox 883 1252 1004 1310; x_wconf 91' lang='lat' dir='ltr'><strong>nullum</strong></span> <span class='ocrx_word' id='word_1_61' title='bbox 1033 1251 1174 1311; x_wconf 89' lang='lat' dir='ltr'><strong>mendum</strong></span> <span class='ocrx_word' id='word_1_62' title='bbox 1197 1252 1288 1314; x_wconf 85' lang='lat' dir='ltr'><strong>habet</strong></span> <span class='ocrx_word' id='word_1_63' title='bbox 1312 1269 1483 1319; x_wconf 87' lang='lat' dir='ltr'><strong>commune,</strong></span> 
     </span>
     <span class='ocr_line' id='line_1_10' title="bbox 358 1337 1483 1416; baseline -0.002 -18"><span class='ocrx_word' id='word_1_64' title='bbox 358 1357 427 1398; x_wconf 90' lang='lat' dir='ltr'><strong>cum</strong></span> <span class='ocrx_word' id='word_1_65' title='bbox 450 1337 510 1398; x_wconf 91' lang='lat' dir='ltr'><strong>illis</strong></span> <span class='ocrx_word' id='word_1_66' title='bbox 533 1339 651 1399; x_wconf 90' lang='lat' dir='ltr'><strong>duobus</strong></span> <span class='ocrx_word' id='word_1_67' title='bbox 675 1340 746 1400; x_wconf 85' lang='lat' dir='ltr'><strong>locis</strong></span> <span class='ocrx_word' id='word_1_68' title='bbox 770 1359 862 1416; x_wconf 87' lang='lat' dir='ltr'><strong>prave</strong></span> <span class='ocrx_word' id='word_1_69' title='bbox 885 1341 1046 1416; x_wconf 90' lang='lat' dir='ltr'><strong>conspirat.</strong></span> <span class='ocrx_word' id='word_1_70' title='bbox 1094 1338 1191 1409; x_wconf 85' lang='lat' dir='ltr'><strong>Quam</strong></span> <span class='ocrx_word' id='word_1_71' title='bbox 1218 1340 1397 1399; x_wconf 88' lang='lat' dir='ltr'><strong>sententiam</strong></span> <span class='ocrx_word' id='word_1_72' title='bbox 1420 1339 1483 1396; x_wconf 90' lang='lat' dir='ltr'><strong>alio</strong></span> 
     </span>
     <span class='ocr_line' id='line_1_11' title="bbox 359 1429 1152 1505; baseline 0.001 -19"><span class='ocrx_word' id='word_1_73' title='bbox 359 1445 481 1505; x_wconf 87' lang='lat' dir='ltr'><strong>quoque</strong></span> <span class='ocrx_word' id='word_1_74' title='bbox 504 1431 681 1505; x_wconf 82' lang='lat' dir='ltr'><strong>argumento</strong></span> <span class='ocrx_word' id='word_1_75' title='bbox 704 1433 808 1505; x_wconf 88' lang='lat' dir='ltr'><strong>postea</strong></span> <span class='ocrx_word' id='word_1_76' title='bbox 831 1429 998 1489; x_wconf 84' lang='lat' dir='ltr'><strong>videbimus</strong></span> <span class='ocrx_word' id='word_1_77' title='bbox 1021 1429 1152 1504; x_wconf 91' lang='lat' dir='ltr'><strong>probari.</strong></span> 
     </span>
    </p>

    <p class='ocr_par' dir='ltr' id='par_1_7' title="bbox 357 1515 1482 2221">
     <span class='ocr_line' id='line_1_12' title="bbox 449 1515 1482 1596; baseline -0.002 -20"><span class='ocrx_word' id='word_1_78' title='bbox 449 1515 524 1576; x_wconf 83' lang='lat' dir='ltr'><strong>Cum</strong></span> <span class='ocrx_word' id='word_1_79' title='bbox 547 1517 715 1596; x_wconf 79' lang='lat' dir='ltr'><strong>fragmento</strong></span> <span class='ocrx_word' id='word_1_80' title='bbox 740 1521 842 1577; x_wconf 88' lang='lat' dir='ltr'><strong>autem</strong></span> <span class='ocrx_word' id='word_1_81' title='bbox 859 1517 1018 1578; x_wconf 84' lang='lat' dir='ltr'><strong>Cuiaciano</strong></span> <span class='ocrx_word' id='word_1_82' title='bbox 1041 1520 1155 1594; x_wconf 82' lang='lat' dir='ltr'><strong>septem</strong></span> <span class='ocrx_word' id='word_1_83' title='bbox 1178 1517 1250 1575; x_wconf 90' lang='lat' dir='ltr'><strong>locis</strong></span> <span class='ocrx_word' id='word_1_84' title='bbox 1274 1515 1482 1575; x_wconf 91' lang='lat' dir='ltr'><strong>Parisinorum</strong></span> 
     </span>
     <span class='ocr_line' id='line_1_13' title="bbox 358 1603 1479 1682; baseline 0 -18"><span class='ocrx_word' id='word_1_85' title='bbox 358 1603 500 1666; x_wconf 81' lang='lat' dir='ltr'><strong>lectiones</strong></span> <span class='ocrx_word' id='word_1_86' title='bbox 517 1605 710 1668; x_wconf 84' lang='lat' dir='ltr'><strong>conferendae</strong></span> <span class='ocrx_word' id='word_1_87' title='bbox 727 1609 816 1667; x_wconf 87' lang='lat' dir='ltr'><strong>sunt:</strong></span> <span class='ocrx_word' id='word_1_88' title='bbox 841 1607 932 1667; x_wconf 87' lang='lat' dir='ltr'><strong>semel</strong></span> <span class='ocrx_word' id='word_1_89' title='bbox 948 1608 972 1666; x_wconf 84' lang='lat' dir='ltr'><strong>F</strong></span> <span class='ocrx_word' id='word_1_90' title='bbox 988 1607 1156 1682; x_wconf 82' lang='lat' dir='ltr'><strong>scripturae</strong></span> <span class='ocrx_word' id='word_1_91' title='bbox 1169 1606 1309 1665; x_wconf 89' lang='lat' dir='ltr'><strong>mendum</strong></span> <span class='ocrx_word' id='word_1_92' title='bbox 1326 1606 1479 1665; x_wconf 88' lang='lat' dir='ltr'><strong>minutum</strong></span> 
     </span>
     <span class='ocr_line' id='line_1_14' title="bbox 358 1691 1479 1777; baseline 0 -23"><span class='ocrx_word' id='word_1_93' title='bbox 358 1691 479 1756; x_wconf 85' lang='lat' dir='ltr'><strong>exhibet</strong></span> <span class='ocrx_word' id='word_1_94' title='bbox 511 1694 576 1770; x_wconf 85' lang='lat' dir='ltr'>(IV,</span> <span class='ocrx_word' id='word_1_95' title='bbox 613 1701 639 1766; x_wconf 90' lang='lat'><strong>1,</strong></span> <span class='ocrx_word' id='word_1_96' title='bbox 666 1695 737 1777; x_wconf 81' lang='lat'>97),</span> <span class='ocrx_word' id='word_1_97' title='bbox 770 1696 816 1756; x_wconf 89' lang='lat' dir='ltr'><strong>bis</strong></span> <span class='ocrx_word' id='word_1_98' title='bbox 840 1695 975 1756; x_wconf 89' lang='lat' dir='ltr'><strong>Parisina</strong></span> <span class='ocrx_word' id='word_1_99' title='bbox 1006 1699 1036 1754; x_wconf 88' lang='lat' dir='ltr'><strong>et</strong></span> <span class='ocrx_word' id='word_1_100' title='bbox 1068 1695 1182 1756; x_wconf 86' lang='lat' dir='ltr'><strong>codices</strong></span> <span class='ocrx_word' id='word_1_101' title='bbox 1210 1697 1282 1754; x_wconf 90' lang='lat' dir='ltr'><strong>sunt</strong></span> <span class='ocrx_word' id='word_1_102' title='bbox 1313 1695 1479 1770; x_wconf 85' lang='lat' dir='ltr'><strong>depravata</strong></span> 
     </span>
     <span class='ocr_line' id='line_1_15' title="bbox 357 1782 1479 1864; baseline -0.006 -15"><span class='ocrx_word' id='word_1_103' title='bbox 357 1782 425 1864; x_wconf 87' lang='lat' dir='ltr'>(IV,</span> <span class='ocrx_word' id='word_1_104' title='bbox 446 1789 473 1858; x_wconf 96' lang='lat' dir='ltr'><strong>l,</strong></span> <span class='ocrx_word' id='word_1_105' title='bbox 492 1789 543 1852; x_wconf 82' lang='lat'><strong>39.</strong></span> <span class='ocrx_word' id='word_1_106' title='bbox 562 1783 661 1864; x_wconf 78' lang='lat'>40)²)‚</span> <span class='ocrx_word' id='word_1_107' title='bbox 685 1789 792 1862; x_wconf 89' lang='lat' dir='ltr'><strong>quater</strong></span> <span class='ocrx_word' id='word_1_108' title='bbox 814 1805 885 1846; x_wconf 83' lang='lat' dir='ltr'><strong>vero</strong></span> <span class='ocrx_word' id='word_1_109' title='bbox 908 1785 1089 1862; x_wconf 83' lang='lat' dir='ltr'><strong>florilegium</strong></span> <span class='ocrx_word' id='word_1_110' title='bbox 1113 1804 1180 1845; x_wconf 90' lang='lat' dir='ltr'><strong>cum</strong></span> <span class='ocrx_word' id='word_1_111' title='bbox 1198 1783 1359 1843; x_wconf 79' lang='lat' dir='ltr'><strong>(luiaciano</strong></span> <span class='ocrx_word' id='word_1_112' title='bbox 1375 1789 1479 1843; x_wconf 89' lang='lat' dir='ltr'><strong>contra</strong></span> 
     </span>
     <span class='ocr_line' id='line_1_16' title="bbox 358 1872 1477 1954; baseline 0 -23"><span class='ocrx_word' id='word_1_113' title='bbox 358 1873 472 1934; x_wconf 85' lang='lat' dir='ltr'><strong>codices</strong></span> <span class='ocrx_word' id='word_1_114' title='bbox 505 1873 626 1951; x_wconf 89' lang='lat' dir='ltr'><strong>optimis</strong></span> <span class='ocrx_word' id='word_1_115' title='bbox 660 1875 818 1951; x_wconf 89' lang='lat' dir='ltr'><strong>scripturis</strong></span> <span class='ocrx_word' id='word_1_116' title='bbox 850 1876 991 1954; x_wconf 82' lang='lat' dir='ltr'><strong>congruit</strong></span> <span class='ocrx_word' id='word_1_117' title='bbox 1024 1873 1094 1954; x_wconf 80' lang='lat' dir='ltr'>(III,</span> <span class='ocrx_word' id='word_1_118' title='bbox 1131 1879 1161 1944; x_wconf 88' lang='grc'><strong>6,</strong></span> <span class='ocrx_word' id='word_1_119' title='bbox 1196 1874 1248 1936; x_wconf 83' lang='grc'><strong>44.</strong></span> <span class='ocrx_word' id='word_1_120' title='bbox 1280 1872 1333 1945; x_wconf 88' lang='lat' dir='ltr'><strong>IV,</strong></span> <span class='ocrx_word' id='word_1_121' title='bbox 1374 1880 1400 1945; x_wconf 92' lang='lat' dir='ltr'><strong>l,</strong></span> <span class='ocrx_word' id='word_1_122' title='bbox 1426 1879 1477 1937; x_wconf 83' lang='lat'><strong>96.</strong></span> 
     </span>
     <span class='ocr_line' id='line_1_17' title="bbox 362 1962 1477 2041; baseline -0.005 -15"><span class='ocrx_word' id='word_1_123' title='bbox 362 1965 433 2026; x_wconf 82' lang='lat'><strong>102.</strong></span> <span class='ocrx_word' id='word_1_124' title='bbox 464 1967 548 2040; x_wconf 84' lang='grc'>104),</span> <span class='ocrx_word' id='word_1_125' title='bbox 582 1963 625 2023; x_wconf 86' lang='lat' dir='ltr'><strong>ita</strong></span> <span class='ocrx_word' id='word_1_126' title='bbox 655 1967 692 2023; x_wconf 89' lang='lat' dir='ltr'><strong>ut</strong></span> <span class='ocrx_word' id='word_1_127' title='bbox 721 1964 856 2024; x_wconf 81' lang='lat' dir='ltr'><strong>Parisino</strong></span> <span class='ocrx_word' id='word_1_128' title='bbox 887 1965 1010 2041; x_wconf 91' lang='lat' dir='ltr'><strong>propius</strong></span> <span class='ocrx_word' id='word_1_129' title='bbox 1042 1983 1133 2039; x_wconf 87' lang='lat' dir='ltr'><strong>quam</strong></span> <span class='ocrx_word' id='word_1_130' title='bbox 1164 1963 1278 2022; x_wconf 87' lang='lat' dir='ltr'><strong>codices</strong></span> <span class='ocrx_word' id='word_1_131' title='bbox 1313 1962 1477 2022; x_wconf 86' lang='lat' dir='ltr'><strong>alibroF</strong></span> 
     </span>
     <span class='ocr_line' id='line_1_18' title="bbox 358 2050 1473 2130; baseline 0 -20"><span class='ocrx_word' id='word_1_132' title='bbox 358 2050 468 2110; x_wconf 82' lang='lat' dir='ltr'><strong>afuisse</strong></span> <span class='ocrx_word' id='word_1_133' title='bbox 492 2052 663 2112; x_wconf 87' lang='lat' dir='ltr'><strong>videantur.</strong></span> <span class='ocrx_word' id='word_1_134' title='bbox 706 2052 763 2113; x_wconf 83' lang='lat' dir='ltr'><strong>Sed</strong></span> <span class='ocrx_word' id='word_1_135' title='bbox 787 2071 846 2130; x_wconf 91' lang='lat' dir='ltr'><strong>quo</strong></span> <span class='ocrx_word' id='word_1_136' title='bbox 870 2053 990 2112; x_wconf 88' lang='lat' dir='ltr'><strong>vinculo</strong></span> <span class='ocrx_word' id='word_1_137' title='bbox 1014 2053 1094 2112; x_wconf 87' lang='lat' dir='ltr'><strong>inter</strong></span> <span class='ocrx_word' id='word_1_138' title='bbox 1117 2071 1147 2111; x_wconf 89' lang='lat' dir='ltr'><strong>se</strong></span> <span class='ocrx_word' id='word_1_139' title='bbox 1170 2051 1284 2110; x_wconf 86' lang='lat' dir='ltr'><strong>luerint</strong></span> <span class='ocrx_word' id='word_1_140' title='bbox 1307 2051 1473 2120; x_wconf 86' lang='lat' dir='ltr'><strong>coniuncta,</strong></span> 
     </span>
     <span class='ocr_line' id='line_1_19' title="bbox 358 2141 781 2221; baseline 0.009 -23"><span class='ocrx_word' id='word_1_141' title='bbox 358 2141 489 2200; x_wconf 85' lang='lat' dir='ltr'><strong>nondum</strong></span> <span class='ocrx_word' id='word_1_142' title='bbox 514 2142 614 2217; x_wconf 88' lang='lat' dir='ltr'><strong>potest</strong></span> <span class='ocrx_word' id='word_1_143' title='bbox 637 2141 781 2221; x_wconf 85' lang='lat' dir='ltr'><strong>intellegi.</strong></span> 
     </span>
    </p>

    <p class='ocr_par' dir='ltr' id='par_1_8' title="bbox 357 2229 1546 3358">
     <span class='ocr_line' id='line_1_20' title="bbox 448 2229 1469 2308; baseline -0.004 -22"><span class='ocrx_word' id='word_1_144' title='bbox 448 2229 553 2306; x_wconf 87' lang='lat' dir='ltr'><strong>Neque</strong></span> <span class='ocrx_word' id='word_1_145' title='bbox 577 2249 654 2307; x_wconf 87' lang='lat' dir='ltr'><strong>quac</strong></span> <span class='ocrx_word' id='word_1_146' title='bbox 677 2231 864 2292; x_wconf 87' lang='lat' dir='ltr'><strong>necessitudo</strong></span> <span class='ocrx_word' id='word_1_147' title='bbox 886 2231 966 2291; x_wconf 88' lang='lat' dir='ltr'><strong>inter</strong></span> <span class='ocrx_word' id='word_1_148' title='bbox 988 2230 1191 2308; x_wconf 81' lang='lat' dir='ltr'><strong>Frisingensia</strong></span> <span class='ocrx_word' id='word_1_149' title='bbox 1221 2232 1251 2289; x_wconf 89' lang='lat' dir='ltr'><strong>et</strong></span> <span class='ocrx_word' id='word_1_150' title='bbox 1274 2229 1469 2306; x_wconf 79' lang='lat' dir='ltr'><strong>fragmentum</strong></span> 
     </span>
     <span class='ocr_line' id='line_1_21' title="bbox 357 2317 1471 2390; baseline -0.004 -14"><span class='ocrx_word' id='word_1_151' title='bbox 357 2317 434 2378; x_wconf 88' lang='lat' dir='ltr'><strong>illud</strong></span> <span class='ocrx_word' id='word_1_152' title='bbox 458 2319 733 2380; x_wconf 84' lang='lat' dir='ltr'><strong>emendatissimum</strong></span> <span class='ocrx_word' id='word_1_153' title='bbox 756 2321 938 2389; x_wconf 82' lang='lat' dir='ltr'><strong>intercedat,</strong></span> <span class='ocrx_word' id='word_1_154' title='bbox 972 2339 1007 2379; x_wconf 87' lang='lat' dir='ltr'><strong>ex</strong></span> <span class='ocrx_word' id='word_1_155' title='bbox 1031 2321 1149 2379; x_wconf 91' lang='lat' dir='ltr'><strong>duobus</strong></span> <span class='ocrx_word' id='word_1_156' title='bbox 1181 2319 1226 2377; x_wconf 89' lang='lat' dir='ltr'><strong>his</strong></span> <span class='ocrx_word' id='word_1_157' title='bbox 1250 2317 1381 2378; x_wconf 88' lang='lat' dir='ltr'><strong>versibus</strong></span> <span class='ocrx_word' id='word_1_158' title='bbox 1403 2334 1471 2390; x_wconf 89' lang='lat' dir='ltr'><strong>per·</strong></span> 
     </span>
     <span class='ocr_line' id='line_1_22' title="bbox 357 2407 1546 2486; baseline -0.004 -20"><span class='ocrx_word' id='word_1_159' title='bbox 357 2407 471 2484; x_wconf 87' lang='lat' dir='ltr'><strong>spicere</strong></span> <span class='ocrx_word' id='word_1_160' title='bbox 494 2409 582 2468; x_wconf 89' lang='lat' dir='ltr'><strong>licet:</strong></span> <span class='ocrx_word' id='word_1_161' title='bbox 607 2407 663 2480; x_wconf 93' lang='grc' dir='ltr'>ΙΙΙ,</span> <span class='ocrx_word' id='word_1_162' title='bbox 690 2413 719 2477; x_wconf 88' lang='grc'><strong>4,</strong></span> <span class='ocrx_word' id='word_1_163' title='bbox 746 2414 786 2475; x_wconf 88' lang='grc'><strong>66</strong></span> <span class='ocrx_word' id='word_1_164' title='bbox 812 2413 950 2486; x_wconf 88' lang='lat' dir='ltr'><strong>excerpta</strong></span> <span class='ocrx_word' id='word_1_165' title='bbox 982 2413 1012 2469; x_wconf 90' lang='lat' dir='ltr'><strong>et</strong></span> <span class='ocrx_word' id='word_1_166' title='bbox 1035 2408 1149 2469; x_wconf 89' lang='lat' dir='ltr'><strong>codices</strong></span> <span class='ocrx_word' id='word_1_167' title='bbox 1174 2408 1313 2468; x_wconf 81' lang='lat' dir='ltr'><strong>exhibent</strong></span> <span class='ocrx_word' id='word_1_168' title='bbox 1339 2407 1474 2480; x_wconf 77' lang='lat' dir='ltr'><strong>,posse“,</strong></span> <span class='ocrx_word' id='word_1_169' title='bbox 1543 2416 1546 2422; x_wconf 87' lang='grc'><strong>’</strong></span> 
     </span>
     <span class='ocr_line' id='line_1_23' title="bbox 358 2495 1477 2574; baseline -0.005 -18"><span class='ocrx_word' id='word_1_170' title='bbox 358 2495 381 2556; x_wconf 80' lang='lat' dir='ltr'><strong>F</strong></span> <span class='ocrx_word' id='word_1_171' title='bbox 405 2516 497 2573; x_wconf 89' lang='lat' dir='ltr'><strong>prave</strong></span> <span class='ocrx_word' id='word_1_172' title='bbox 528 2499 651 2574; x_wconf 86' lang='lat' dir='ltr'><strong>praebet</strong></span> <span class='ocrx_word' id='word_1_173' title='bbox 684 2501 831 2574; x_wconf 85' lang='lat' dir='ltr'><strong>,saeva“;</strong></span> <span class='ocrx_word' id='word_1_174' title='bbox 863 2499 935 2559; x_wconf 89' lang='lat' dir='ltr'><strong>item</strong></span> <span class='ocrx_word' id='word_1_175' title='bbox 960 2498 1017 2569; x_wconf 95' lang='grc' dir='ltr'>ΙΙΙ,</span> <span class='ocrx_word' id='word_1_176' title='bbox 1043 2503 1072 2568; x_wconf 87' lang='grc'><strong>6,</strong></span> <span class='ocrx_word' id='word_1_177' title='bbox 1098 2503 1140 2562; x_wconf 87' lang='grc'><strong>44</strong></span> <span class='ocrx_word' id='word_1_178' title='bbox 1173 2495 1375 2574; x_wconf 81' lang='lat' dir='ltr'><strong>Frisingensia</strong></span> <span class='ocrx_word' id='word_1_179' title='bbox 1407 2512 1477 2552; x_wconf 90' lang='lat' dir='ltr'><strong>cum</strong></span> 
     </span>
     <span class='ocr_line' id='line_1_24' title="bbox 358 2585 1475 2666; baseline -0.004 -22"><span class='ocrx_word' id='word_1_180' title='bbox 358 2587 510 2646; x_wconf 87' lang='lat' dir='ltr'><strong>codicibus</strong></span> <span class='ocrx_word' id='word_1_181' title='bbox 533 2587 563 2646; x_wconf 92' lang='lat' dir='ltr'><strong>in</strong></span> <span class='ocrx_word' id='word_1_182' title='bbox 588 2587 722 2648; x_wconf 83' lang='lat' dir='ltr'><strong>ablativo</strong></span> <span class='ocrx_word' id='word_1_183' title='bbox 749 2591 842 2662; x_wconf 82' lang='lat' dir='ltr'><strong>„tuo“</strong></span> <span class='ocrx_word' id='word_1_184' title='bbox 869 2592 972 2648; x_wconf 90' lang='lat' dir='ltr'><strong>contra</strong></span> <span class='ocrx_word' id='word_1_185' title='bbox 995 2587 1157 2666; x_wconf 87' lang='lat' dir='ltr'><strong>fragmenti</strong></span> <span class='ocrx_word' id='word_1_186' title='bbox 1181 2586 1339 2644; x_wconf 89' lang='lat' dir='ltr'><strong>lectionem</strong></span> <span class='ocrx_word' id='word_1_187' title='bbox 1366 2585 1475 2658; x_wconf 85' lang='lat' dir='ltr'><strong>„tuos“</strong></span> 
     </span>
     <span class='ocr_line' id='line_1_25' title="bbox 358 2674 1478 2752; baseline -0.005 -18"><span class='ocrx_word' id='word_1_188' title='bbox 358 2675 564 2745; x_wconf 89' lang='lat' dir='ltr'><strong>consentiunt,</strong></span> <span class='ocrx_word' id='word_1_189' title='bbox 596 2676 626 2734; x_wconf 90' lang='lat' dir='ltr'><strong>in</strong></span> <span class='ocrx_word' id='word_1_190' title='bbox 659 2695 730 2736; x_wconf 86' lang='lat' dir='ltr'><strong>voce</strong></span> <span class='ocrx_word' id='word_1_191' title='bbox 764 2681 906 2750; x_wconf 76' lang='lat' dir='ltr'><strong>„cavereu</strong></span> <span class='ocrx_word' id='word_1_192' title='bbox 941 2680 1043 2735; x_wconf 89' lang='lat' dir='ltr'><strong>autem</strong></span> <span class='ocrx_word' id='word_1_193' title='bbox 1076 2695 1143 2735; x_wconf 89' lang='lat' dir='ltr'><strong>cum</strong></span> <span class='ocrx_word' id='word_1_194' title='bbox 1173 2674 1342 2752; x_wconf 87' lang='lat' dir='ltr'><strong>fragmento</strong></span> <span class='ocrx_word' id='word_1_195' title='bbox 1374 2675 1478 2732; x_wconf 90' lang='lat' dir='ltr'><strong>contra</strong></span> 
     </span>
     <span class='ocr_line' id='line_1_26' title="bbox 357 2763 1476 2841; baseline -0.004 -17"><span class='ocrx_word' id='word_1_196' title='bbox 357 2763 471 2824; x_wconf 85' lang='lat' dir='ltr'><strong>codices</strong></span> <span class='ocrx_word' id='word_1_197' title='bbox 494 2765 675 2841; x_wconf 87' lang='lat' dir='ltr'><strong>conspirant.</strong></span> <span class='ocrx_word' id='word_1_198' title='bbox 722 2765 868 2841; x_wconf 85' lang='lat' dir='ltr'><strong>Apparet,</strong></span> <span class='ocrx_word' id='word_1_199' title='bbox 893 2785 956 2824; x_wconf 89' lang='lat' dir='ltr'><strong>rem</strong></span> <span class='ocrx_word' id='word_1_200' title='bbox 979 2766 1010 2823; x_wconf 89' lang='lat' dir='ltr'><strong>in</strong></span> <span class='ocrx_word' id='word_1_201' title='bbox 1033 2766 1129 2825; x_wconf 89' lang='lat' dir='ltr'><strong>medio</strong></span> <span class='ocrx_word' id='word_1_202' title='bbox 1155 2781 1216 2824; x_wconf 88' lang='lat' dir='ltr'><strong>esse</strong></span> <span class='ocrx_word' id='word_1_203' title='bbox 1240 2763 1476 2840; x_wconf 78' lang='lat' dir='ltr'><strong>relinquendam,</strong></span> 
     </span>
     <span class='ocr_line' id='line_1_27' title="bbox 358 2850 1478 2932; baseline -0.003 -22"><span class='ocrx_word' id='word_1_204' title='bbox 358 2853 415 2912; x_wconf 89' lang='lat' dir='ltr'><strong>nisi</strong></span> <span class='ocrx_word' id='word_1_205' title='bbox 430 2852 509 2913; x_wconf 86' lang='lat' dir='ltr'><strong>forte</strong></span> <span class='ocrx_word' id='word_1_206' title='bbox 528 2853 596 2913; x_wconf 92' lang='lat' dir='ltr'><strong>inde</strong></span> <span class='ocrx_word' id='word_1_207' title='bbox 620 2853 700 2930; x_wconf 90' lang='lat' dir='ltr'><strong>quod</strong></span> <span class='ocrx_word' id='word_1_208' title='bbox 717 2853 919 2932; x_wconf 82' lang='lat' dir='ltr'><strong>Frisingcnsia</strong></span> <span class='ocrx_word' id='word_1_209' title='bbox 934 2854 991 2926; x_wconf 87' lang='lat' dir='ltr'><strong>Ill,</strong></span> <span class='ocrx_word' id='word_1_210' title='bbox 1018 2860 1047 2925; x_wconf 84' lang='grc'><strong>4,</strong></span> <span class='ocrx_word' id='word_1_211' title='bbox 1073 2858 1113 2918; x_wconf 88' lang='grc'><strong>66</strong></span> <span class='ocrx_word' id='word_1_212' title='bbox 1130 2855 1351 2928; x_wconf 87' lang='lat' dir='ltr'><strong>pentametrum</strong></span> <span class='ocrx_word' id='word_1_213' title='bbox 1369 2850 1478 2923; x_wconf 89' lang='lat' dir='ltr'><strong>solum,</strong></span> 
     </span>
     <span class='ocr_line' id='line_1_28' title="bbox 357 2941 1479 3020; baseline -0.004 -20"><span class='ocrx_word' id='word_1_214' title='bbox 357 2959 416 3000; x_wconf 92' lang='lat' dir='ltr'><strong>uon</strong></span> <span class='ocrx_word' id='word_1_215' title='bbox 452 2945 553 3002; x_wconf 89' lang='lat' dir='ltr'><strong>totum</strong></span> <span class='ocrx_word' id='word_1_216' title='bbox 587 2942 734 3002; x_wconf 82' lang='lat' dir='ltr'><strong>distichon</strong></span> <span class='ocrx_word' id='word_1_217' title='bbox 769 2943 911 3014; x_wconf 88' lang='lat' dir='ltr'><strong>tradunt,</strong></span> <span class='ocrx_word' id='word_1_218' title='bbox 945 2943 1085 3020; x_wconf 83' lang='lat' dir='ltr'><strong>colligere</strong></span> <span class='ocrx_word' id='word_1_219' title='bbox 1115 2942 1268 3011; x_wconf 76' lang='lat' dir='ltr'><strong>volemuS,</strong></span> <span class='ocrx_word' id='word_1_220' title='bbox 1304 2961 1341 3000; x_wconf 90' lang='lat' dir='ltr'><strong>ne</strong></span> <span class='ocrx_word' id='word_1_221' title='bbox 1376 2941 1406 2998; x_wconf 89' lang='lat' dir='ltr'><strong>in</strong></span> <span class='ocrx_word' id='word_1_222' title='bbox 1442 2957 1479 2998; x_wconf 88' lang='lat' dir='ltr'><strong>eo</strong></span> 
     </span>
     <span class='ocr_line' id='line_1_29' title="bbox 358 3030 1477 3108; baseline -0.001 -18"><span class='ocrx_word' id='word_1_223' title='bbox 358 3030 479 3108; x_wconf 88' lang='lat' dir='ltr'><strong>quidem</strong></span> <span class='ocrx_word' id='word_1_224' title='bbox 509 3031 603 3101; x_wconf 90' lang='lat' dir='ltr'><strong>libro,</strong></span> <span class='ocrx_word' id='word_1_225' title='bbox 636 3051 671 3092; x_wconf 88' lang='lat' dir='ltr'><strong>ex</strong></span> <span class='ocrx_word' id='word_1_226' title='bbox 703 3049 763 3108; x_wconf 89' lang='lat' dir='ltr'><strong>quo</strong></span> <span class='ocrx_word' id='word_1_227' title='bbox 797 3036 936 3108; x_wconf 88' lang='lat' dir='ltr'><strong>excerpta</strong></span> <span class='ocrx_word' id='word_1_228' title='bbox 958 3032 1127 3104; x_wconf 84' lang='lat' dir='ltr'><strong>fluxerunt,</strong></span> <span class='ocrx_word' id='word_1_229' title='bbox 1152 3049 1273 3091; x_wconf 86' lang='lat' dir='ltr'><strong>versum</strong></span> <span class='ocrx_word' id='word_1_230' title='bbox 1295 3030 1353 3103; x_wconf 90' lang='grc' dir='ltr'>ΙΙΙ,</span> <span class='ocrx_word' id='word_1_231' title='bbox 1378 3035 1408 3098; x_wconf 86' lang='grc'><strong>4,</strong></span> <span class='ocrx_word' id='word_1_232' title='bbox 1434 3032 1477 3090; x_wconf 89' lang='lat'><strong>65</strong></span> 
     </span>
     <span class='ocr_line' id='line_1_30' title="bbox 358 3118 1479 3198; baseline -0.006 -18"><span class='ocrx_word' id='word_1_233' title='bbox 358 3123 514 3180; x_wconf 84' lang='lat' dir='ltr'><strong>exaratum</strong></span> <span class='ocrx_word' id='word_1_234' title='bbox 538 3119 639 3184; x_wconf 85' lang='lat' dir='ltr'><strong>fuisse.</strong></span> <span class='ocrx_word' id='word_1_235' title='bbox 683 3119 768 3190; x_wconf 80' lang='lat' dir='ltr'><strong>Quod</strong></span> <span class='ocrx_word' id='word_1_236' title='bbox 792 3121 817 3180; x_wconf 92' lang='lat' dir='ltr'><strong>si</strong></span> <span class='ocrx_word' id='word_1_237' title='bbox 841 3121 1066 3192; x_wconf 88' lang='lat' dir='ltr'><strong>arbitrabimur,</strong></span> <span class='ocrx_word' id='word_1_238' title='bbox 1090 3119 1294 3198; x_wconf 84' lang='lat' dir='ltr'><strong>Frisingensia</strong></span> <span class='ocrx_word' id='word_1_239' title='bbox 1317 3139 1352 3178; x_wconf 84' lang='lat' dir='ltr'><strong>ex</strong></span> <span class='ocrx_word' id='word_1_240' title='bbox 1375 3118 1479 3178; x_wconf 91' lang='lat' dir='ltr'><strong>eodem</strong></span> 
     </span>
     <span class='ocr_line' id='line_1_31' title="bbox 358 3209 1479 3286; baseline -0.004 -18"><span class='ocrx_word' id='word_1_241' title='bbox 358 3227 418 3285; x_wconf 92' lang='lat' dir='ltr'><strong>quo</strong></span> <span class='ocrx_word' id='word_1_242' title='bbox 450 3209 545 3269; x_wconf 90' lang='lat' dir='ltr'><strong>nostri</strong></span> <span class='ocrx_word' id='word_1_243' title='bbox 578 3209 693 3270; x_wconf 89' lang='lat' dir='ltr'><strong>codices</strong></span> <span class='ocrx_word' id='word_1_244' title='bbox 716 3209 776 3270; x_wconf 88' lang='lat' dir='ltr'><strong>orti</strong></span> <span class='ocrx_word' id='word_1_245' title='bbox 799 3214 889 3286; x_wconf 91' lang='lat' dir='ltr'><strong>sunt,</strong></span> <span class='ocrx_word' id='word_1_246' title='bbox 922 3210 1004 3270; x_wconf 89' lang='lat' dir='ltr'><strong>fonte</strong></span> <span class='ocrx_word' id='word_1_247' title='bbox 1036 3229 1187 3270; x_wconf 87' lang='lat' dir='ltr'><strong>emanasse</strong></span> <span class='ocrx_word' id='word_1_248' title='bbox 1215 3210 1300 3269; x_wconf 91' lang='lat' dir='ltr'><strong>nobis</strong></span> <span class='ocrx_word' id='word_1_249' title='bbox 1333 3209 1391 3267; x_wconf 89' lang='lat' dir='ltr'><strong>erit</strong></span> <span class='ocrx_word' id='word_1_250' title='bbox 1413 3226 1479 3265; x_wconf 90' lang='lat' dir='ltr'><strong>cre-</strong></span> 
     </span>
     <span class='ocr_line' id='line_1_32' title="bbox 357 3298 1104 3358; baseline 0 0"><span class='ocrx_word' id='word_1_251' title='bbox 357 3298 497 3358; x_wconf 87' lang='lat' dir='ltr'><strong>dendum.</strong></span> <span class='ocrx_word' id='word_1_252' title='bbox 1093 3305 1104 3328; x_wconf 82' lang='lat'><strong><em>⁴</em></strong></span> 
     </span>
    </p>
   </div>
   <div class='ocr_carea' id='block_1_6' title="bbox 358 3524 1481 3814">
    <p class='ocr_par' dir='ltr' id='par_1_9' title="bbox 358 3524 1480 3672">
     <span class='ocr_line' id='line_1_33' title="bbox 369 3524 1480 3599; baseline -0.005 -17"><span class='ocrx_word' id='word_1_253' title='bbox 369 3553 374 3564; x_wconf 84' lang='lat'><strong>·</strong></span> <span class='ocrx_word' id='word_1_254' title='bbox 449 3525 543 3594; x_wconf 76' lang='grc'>1)]11,</span> <span class='ocrx_word' id='word_1_255' title='bbox 569 3528 594 3594; x_wconf 88' lang='lat'><strong>6,</strong></span> <span class='ocrx_word' id='word_1_256' title='bbox 620 3527 655 3582; x_wconf 79' lang='lat'><strong>35</strong></span> <span class='ocrx_word' id='word_1_257' title='bbox 674 3547 714 3598; x_wconf 90' lang='lat' dir='ltr'><strong>sq.</strong></span> <span class='ocrx_word' id='word_1_258' title='bbox 746 3528 839 3594; x_wconf 83' lang='lat' dir='ltr'><strong>,Non“</strong></span> <span class='ocrx_word' id='word_1_259' title='bbox 871 3529 943 3584; x_wconf 91' lang='lat' dir='ltr'><strong>illud</strong></span> <span class='ocrx_word' id='word_1_260' title='bbox 971 3545 1022 3599; x_wconf 91' lang='lat' dir='ltr'><strong>pro</strong></span> <span class='ocrx_word' id='word_1_261' title='bbox 1051 3529 1177 3584; x_wconf 90' lang='lat' dir='ltr'><strong>codicum</strong></span> <span class='ocrx_word' id='word_1_262' title='bbox 1201 3524 1480 3596; x_wconf 86' lang='lat' dir='ltr'><strong>Frisingcnsiumque</strong></span> 
     </span>
     <span class='ocr_line' id='line_1_34' title="bbox 358 3599 1159 3672; baseline -0.002 -18"><span class='ocrx_word' id='word_1_263' title='bbox 358 3599 478 3654; x_wconf 79' lang='lat' dir='ltr'><strong>lectione</strong></span> <span class='ocrx_word' id='word_1_264' title='bbox 500 3599 588 3662; x_wconf 79' lang='lat' dir='ltr'><strong>,Neo“</strong></span> <span class='ocrx_word' id='word_1_265' title='bbox 609 3601 645 3656; x_wconf 84' lang='lat' dir='ltr'><strong>ub</strong></span> <span class='ocrx_word' id='word_1_266' title='bbox 664 3605 824 3672; x_wconf 81' lang='lat' dir='ltr'><strong>excerptore</strong></span> <span class='ocrx_word' id='word_1_267' title='bbox 843 3604 936 3655; x_wconf 82' lang='lat' dir='ltr'><strong>ortum</strong></span> <span class='ocrx_word' id='word_1_268' title='bbox 955 3618 1013 3654; x_wconf 87' lang='lat' dir='ltr'><strong>esse</strong></span> <span class='ocrx_word' id='word_1_269' title='bbox 1032 3601 1159 3654; x_wconf 86' lang='lat' dir='ltr'><strong>arbitror.</strong></span> 
     </span>
    </p>

    <p class='ocr_par' dir='ltr' id='par_1_10' title="bbox 358 3668 1481 3814">
     <span class='ocr_line' id='line_1_35' title="bbox 447 3668 1481 3742; baseline -0.005 -18"><span class='ocrx_word' id='word_1_270' title='bbox 447 3669 475 3736; x_wconf 74' lang='lat'><strong>2)</strong></span> <span class='ocrx_word' id='word_1_271' title='bbox 495 3671 527 3724; x_wconf 88' lang='lat' dir='ltr'><strong>ln</strong></span> <span class='ocrx_word' id='word_1_272' title='bbox 536 3689 665 3726; x_wconf 85' lang='lat' dir='ltr'><strong>versuum</strong></span> <span class='ocrx_word' id='word_1_273' title='bbox 680 3672 728 3732; x_wconf 79' lang='lat' dir='ltr'><strong>lv.</strong></span> <span class='ocrx_word' id='word_1_274' title='bbox 745 3676 768 3736; x_wconf 94' lang='lat' dir='ltr'><strong>l,</strong></span> <span class='ocrx_word' id='word_1_275' title='bbox 787 3673 821 3724; x_wconf 82' lang='lat'><strong>39</strong></span> <span class='ocrx_word' id='word_1_276' title='bbox 832 3690 891 3740; x_wconf 84' lang='lat' dir='ltr'><strong>sqq.</strong></span> <span class='ocrx_word' id='word_1_277' title='bbox 902 3672 1083 3742; x_wconf 88' lang='lat' dir='ltr'><strong>dispositione</strong></span> <span class='ocrx_word' id='word_1_278' title='bbox 1099 3671 1119 3723; x_wconf 86' lang='lat' dir='ltr'><strong>F</strong></span> <span class='ocrx_word' id='word_1_279' title='bbox 1138 3689 1201 3724; x_wconf 89' lang='lat' dir='ltr'><strong>cum</strong></span> <span class='ocrx_word' id='word_1_280' title='bbox 1220 3668 1360 3722; x_wconf 89' lang='lat' dir='ltr'><strong>codicibus</strong></span> <span class='ocrx_word' id='word_1_281' title='bbox 1380 3669 1481 3721; x_wconf 83' lang='lat' dir='ltr'><strong>contra</strong></span> 
     </span>
     <span class='ocr_line' id='line_1_36' title="bbox 358 3739 1479 3814; baseline -0.004 -18"><span class='ocrx_word' id='word_1_282' title='bbox 358 3745 489 3813; x_wconf 80' lang='lat' dir='ltr'><strong>excerpta</strong></span> <span class='ocrx_word' id='word_1_283' title='bbox 499 3743 671 3814; x_wconf 82' lang='lat' dir='ltr'><strong>conspirasse</strong></span> <span class='ocrx_word' id='word_1_284' title='bbox 681 3761 714 3798; x_wconf 80' lang='lat' dir='ltr'><strong>ex</strong></span> <span class='ocrx_word' id='word_1_285' title='bbox 726 3743 860 3812; x_wconf 78' lang='lat' dir='ltr'><strong>Scaligeri</strong></span> <span class='ocrx_word' id='word_1_286' title='bbox 878 3743 912 3797; x_wconf 81' lang='lat' dir='ltr'><strong>de</strong></span> <span class='ocrx_word' id='word_1_287' title='bbox 931 3744 983 3797; x_wconf 82' lang='lat' dir='ltr'><strong>hae</strong></span> <span class='ocrx_word' id='word_1_288' title='bbox 1001 3761 1031 3796; x_wconf 90' lang='lat' dir='ltr'><strong>re</strong></span> <span class='ocrx_word' id='word_1_289' title='bbox 1050 3742 1161 3796; x_wconf 85' lang='lat' dir='ltr'><strong>silentio</strong></span> <span class='ocrx_word' id='word_1_290' title='bbox 1179 3757 1324 3810; x_wconf 85' lang='lat' dir='ltr'><strong>possumus</strong></span> <span class='ocrx_word' id='word_1_291' title='bbox 1344 3739 1479 3792; x_wconf 87' lang='lat' dir='ltr'><strong>conicere.</strong></span> 
     </span>
    </p>
   </div>
   <div class='ocr_carea' id='block_1_7' title="bbox 0 0 1624 5006">
    <p class='ocr_par' dir='ltr' id='par_1_11' title="bbox 0 0 1624 5006">
     <span class='ocr_line' id='line_1_37' title="bbox 0 0 1624 5006; baseline 0 0"><span class='ocrx_word' id='word_1_292' title='bbox 0 0 1624 5006; x_wconf 95' lang='lat' dir='ltr'><strong> </strong></span> 
     </span>
    </p>
   </div>
  </div>
 </body>
</html>
