3240 5006
600 409 818 469 -41-

142 602 214 643 meo
237 583 303 642 iure
325 583 446 643 missam
468 583 556 656 facio,
580 584 636 642 hoc
659 582 756 640 solum
780 581 899 654 addens,
924 579 1053 640 codicem
1068 578 1268 638 Datianumd

144 671 267 748 saepius
291 692 359 732 cum
382 672 519 732 Parisino
543 671 568 729 B
591 670 758 741 convenire,
784 670 868 730 velut
891 669 922 728 in
946 668 1082 728 versibus
1106 668 1168 727 his:
1194 667 1218 738 Ι,
1237 672 1267 740 3,

146 767 211 827 34:
244 762 377 822 mascula
410 767 490 825 tura.
523 761 580 832 III,
611 766 641 834 4,
668 765 725 824 58:
757 759 875 832 maluit,
911 793 946 802 -
980 757 1109 830 mavult,
1133 760 1190 816 cet.
1226 755 1267 815 ΙΙ.

147 857 177 924 2,
205 857 222 913 7
235 870 241 909 :
266 871 343 927 pura
371 885 405 894 -
434 870 520 926 puro,
545 853 601 909 cet.
637 848 693 920 III,
712 854 742 920 6,
764 855 825 913 41:
850 849 947 906 minor
969 851 1039 907 ante
1054 847 1089 918 B,
1113 847 1269 922 minorque

146 942 176 1012 d,
203 975 242 984 -
268 941 372 1013 Minoi,
396 942 475 999 recte
499 942 555 999 cet.
596 937 705 998 Omnes
729 942 831 998 autem
855 957 889 996 ex
914 937 1029 996 familia
1043 935 1071 993 Y
1094 955 1147 1011 per
1170 937 1268 994 varios

147 1030 259 1107 gradim
290 1029 445 1089 fluxerunt
477 1027 543 1105 (cfr.
569 1048 617 1105 pg.
646 1027 718 1107 39),
750 1027 781 1084 id
813 1027 893 1102 quod
925 1025 1062 1101 plurimis
1090 1024 1269 1085 lectionibus

147 1119 316 1192 evincitur3
351 1139 366 1177 e
397 1118 511 1178 familia
542 1117 651 1176 codicis
683 1115 708 1175 G
743 1120 930 1175 correcturae
962 1115 1122 1174 admodum
1156 1132 1269 1189 paucae

146 1228 260 1284 eaeque
293 1226 369 1284 quas
400 1207 487 1266 facile
519 1207 692 1266 coniectura
723 1206 841 1281 assequi
864 1207 1004 1280 poterant
1028 1203 1155 1273 librarii,
1180 1224 1197 1262 a
1220 1222 1269 1262 co·

146 1297 266 1356 dinibus
288 1317 303 1356 o
319 1298 337 1355 d
354 1315 368 1354 e
391 1299 561 1372 assumptae
577 1297 658 1366 sunt,
683 1295 733 1354 sed
750 1294 903 1371 graviores
918 1294 987 1353 illae
1008 1293 1115 1353 codicis
1131 1291 1269 1352 Guelfer-

147 1385 257 1462 bytani
278 1386 420 1445 lectiones
444 1386 546 1445 velut:
578 1383 619 1455 II,
648 1391 675 1455 1,
701 1389 760 1448 67:
801 1383 869 1459 Ipse
903 1383 1043 1458 interque
1072 1401 1186 1459 greges.
1211 1379 1268 1450 III,

154 1481 182 1549 1,
210 1480 265 1538 10:
290 1474 405 1534 Pumex
429 1479 468 1534 et.
493 1473 550 1546 ΙΙΙ,
576 1479 606 1544 3,
632 1478 690 1538 2οε
724 1473 842 1532 Invidia
867 1476 929 1538 est,
954 1491 1014 1530 non
1037 1472 1132 1548 magis
1155 1469 1270 1530 inillis

150 1585 242 1640 quam
265 1564 296 1622 in
320 1564 471 1624 codicibus
494 1562 674 1623 Eboracensi
699 1565 728 1621 et
750 1562 886 1620 Parisino
909 1561 1117 1620 inveniuntur.

238 1653 361 1714 Habent
372 1653 468 1731 igitur
478 1653 597 1711 omnino
610 1652 744 1711 codicum
758 1651 815 1709 AV
828 1651 978 1721 lectiones
992 1649 1190 1709 multifariam
1203 1667 1270 1706 mu·

145 1745 228 1802 tatas
254 1745 346 1818 atque
367 1743 557 1818 depravatae,
579 1760 761 1817 quamquam
784 1741 963 1816 aliquotiens
984 1739 1039 1798 soli
1055 1759 1090 1799 ex
1105 1738 1269 1798 Lachman-
1356 1752 1358 1760 ·

147 1833 249 1892 nianis
266 1852 367 1891 veram
383 1832 505 1890 illorum
520 1851 644 1890 manum
659 1832 913 1906 propagaverunt.
951 1828 1014 1887 Hac
1034 1829 1070 1888 de
1086 1845 1174 1886 causa
1190 1830 1270 1886 certe

150 1921 340 1980 doctissimus
364 1921 414 1980 ille
437 1921 484 1979 vir
507 1919 727 1979 consensionem
751 1919 845 1978 trium
879 1918 986 1976 horum
1010 1918 1146 1976 codicum
1168 1915 1295 1993 magni*

152 2009 318 2069 faciendam
349 2029 410 2070 esse
442 2009 614 2079 contendit;
648 2012 677 2067 et
708 2007 822 2083 recepit
853 2007 884 2065 in
908 2007 1074 2065 carminum
1097 2006 1270 2066 contextum

151 2099 294 2184 nonnulis
323 2099 395 2158 locis
419 2117 473 2158 suo
504 2099 572 2156 iuro
596 2116 673 2173 quae
696 2097 742 2156 illi
765 2097 877 2172 scripte
901 2096 1058 2167 exhibent,
1088 2096 1188 2154 velut:
1212 2092 1269 2168 111,

156 2193 186 2262 3,
212 2192 271 2252 24:
295 2187 338 2246 At
362 2224 402 2233 —
427 2188 466 2246 Et
490 2185 525 2245 Αι
537 2187 572 2245 Β.
605 2186 662 2257 ΙΙΙ,
680 2192 710 2256 4,
729 2192 788 2250 63:
813 2186 873 2244 illis
895 2185 923 2243 Y
946 2184 1028 2243 Par.
1056 2219 1095 2228 -
1119 2184 1165 2242 illi
1186 2179 1221 2241 A¹
1234 2182 1268 2240 B.

154 2276 209 2349 III,
236 2283 265 2350 6,
292 2283 353 2340 57:
385 2278 483 2336 Naida
508 2276 532 2335 O
562 2311 596 2319 -
623 2276 740 2334 Naiada
762 2275 788 2333 B
820 2272 917 2353 (Nl).
956 2274 1013 2348 III,
1040 2279 1069 2344 5,
1098 2279 1133 2338 1:
1227 2289 1269 2342 OS,

152 2367 232 2442 quod
259 2367 333 2426 item
357 2365 384 2422 V
417 2366 554 2436 exhibet,
579 2384 648 2424 cum
671 2364 699 2421 A
723 2367 752 2424 et
777 2363 802 2423 G
825 2365 900 2423 falso
925 2366 1086 2440 praebeant
1109 2362 1182 2421 Nos.
1214 2359 1269 2434 IV,

157 2464 184 2528 1,
203 2461 257 2520 26:
283 2474 427 2515 vovemus
443 2453 467 2514 0
484 2455 508 2512 F
526 2489 566 2498 -
582 2472 736 2513 movemus
752 2450 788 2511 Α1
799 2453 834 2524 Β,
860 2457 889 2512 et
910 2453 998 2528 plura
1013 2453 1114 2528 potuit
1129 2451 1269 2525 recipere,

154 2545 255 2604 velut:
286 2544 328 2615 ΙΙ,
355 2551 384 2618 5,
413 2549 491 2608 ll2:
515 2543 677 2619 reperisse,
711 2543 752 2613 H,
779 2548 807 2613 5,
837 2547 915 2606 108:
944 2543 1019 2609 ista,
1050 2540 1104 2612 IV,
1132 2547 1160 2612 l,
1189 2544 1269 2603 162:

154 2654 259 2710 neque,
284 2635 358 2694 alias
382 2634 534 2694 lectiones.
569 2631 678 2704 Contra
701 2632 733 2690 in
755 2651 865 2709 magna
887 2631 939 2688 illa
962 2630 1142 2690 difficultate
1165 2648 1271 2688 verum

153 2730 182 2784 et
215 2723 328 2782 falsum
363 2722 533 2782 dinoscendi
568 2722 686 2797 saepius
720 2739 827 2796 pravas
861 2738 981 2797 quoque
1013 2724 1042 2779 et
1076 2719 1271 2794 interpolatas

151 2814 292 2874 lectiones
326 2831 401 2888 quas
432 2814 597 2871 assumeret
628 2812 734 2889 dignes
765 2811 902 2886 putavit,
934 2810 1038 2869 velut:
1074 2809 1119 2883 ΙΙ,
1146 2814 1180 2879 5,
1211 2812 1269 2871 98:

152 2905 221 2962 ante
245 2937 285 2946 -
312 2901 375 2977 ipse
399 2901 434 2960 Ο.
467 2899 529 2971 ΠΙ,
558 2906 584 2974 1,
611 2906 671 2966 21:
705 2901 794 2977 longa
819 2935 856 2943 —
884 2900 969 2976 larga
993 2897 1027 2957 Ο.
1060 2897 1115 2970 IV,
1151 2904 1178 2968 1,
1211 2901 1270 2960 37:

152 2992 253 3067 potior
279 3025 313 3033 --
343 2991 444 3066 potius
469 2987 504 3048 0.
529 2988 583 3062 IV,
613 2997 638 3063 l,
667 2993 747 3052 127:
773 2988 866 3047 Nulla
955 2988 1026 3046 Ulla
1045 2986 1079 3046 Ο.
1112 2987 1137 3058 Ι,
1167 2992 1193 3056 l,
1214 2990 1270 3049 12:

152 3082 243 3139 florea
261 3114 296 3121 -
317 3079 421 3138 florida
451 3080 485 3141 Ο.
529 3078 560 3149 Ι,
586 3084 620 3150 4,
647 3082 706 3142 37:
742 3078 861 3138 Phoebo
891 3076 1067 3152 Bacchoque
1091 3075 1272 3135 -Baccho

154 3169 335 3243 Phoeboque
365 3167 406 3238 Ο,
439 3173 469 3229 et
497 3168 631 3243 saepius3
665 3167 809 3242 plurimas
840 3169 940 3225 tamen
971 3165 1213 3241 interpolationes
1242 3167 1272 3222 et

158 3256 369 3316 audacissimas
393 3257 509 3319 reiecit:
534 3257 559 3330 I,
586 3263 615 3330 8,
641 3263 700 3321 31:
725 3257 828 3315 mollia
855 3287 889 3296 -
917 3256 996 3315 levia
1024 3253 1058 3314 O.
1083 3255 1108 3326 I,
1137 3259 1186 3328 10,
1214 3258 1271 3316 12:

156 3349 304 3406 tremente
333 3382 366 3390 —
393 3347 521 3408 micante
545 3345 579 3405 Ο.
611 3346 652 3416 ΙΙ,
678 3351 708 3417 3,
734 3351 792 3409 37:
825 3346 997 3405 crudelibus
1025 3379 1059 3388 -
1087 3343 1273 3403 discordibus

154 3435 231 3495 AG.
269 3434 319 3509 II,
346 3442 383 3508 5,
410 3443 445 3501 9;
479 3435 615 3495 referunt
652 3469 686 3477 -
722 3438 889 3494 memorant
920 3433 963 3505 Ο,
994 3434 1077 3493 alias.
1136 3433 1273 3492 Fuerunt

153 3525 250 3603 igitur
274 3525 401 3586 alieuius
425 3527 525 3602 pretii,
550 3543 734 3600 quamquam
757 3525 842 3600 parvi
865 3525 935 3584 libri
957 3523 1002 3581 illi
1029 3526 1090 3584 tres
1113 3526 1180 3582 tum
1204 3541 1273 3581 oum

156 3615 268 3673 codices
292 3614 319 3671 A
343 3619 373 3674 et
397 3615 424 3671 V
440 3613 599 3674 Baehrensi
625 3615 758 3672 nondum
782 3617 865 3673 erant
888 3612 1042 3690 indagati3
1066 3631 1145 3671 nunc
1168 3613 1273 3687 procul

156 3704 227 3762 sunt
242 3703 396 3775 abiciendi,
421 3705 480 3763 nisi
494 3703 643 3764 Italorum
659 3703 842 3762 coniecturas
858 3704 889 3761 in
907 3703 947 3763 eis
972 3704 1106 3761 extantes
1122 3701 1272 3777 respicias

157 3791 274 3862 Quanto
305 3796 407 3852 autem
438 3792 575 3852 acumine
604 3792 832 3868 interpolatores
862 3793 909 3851 illi
932 3810 1148 3867 nonnunquam
1171 3810 1273 3850 veram

156 3900 389 3959 germanamque
423 3881 538 3942 Tibulli
572 3881 751 3956 scripturam
786 3881 1003 3951 intellexerint,
1044 3901 1135 3956 quam
1172 3880 1273 3955 inepte

156 3974 257 4030 contra
288 3971 406 4046 saepius
436 3975 530 4033 bonas
562 3969 697 4030 codicum
727 3971 868 4030 lectiones
891 3970 1137 4043 immutaverint,
1170 3989 1204 4029 ex
1227 3969 1273 4027 his

156 4060 262 4120 codicis
294 4059 434 4119 Wittiani
460 4081 476 4122 c
500 4059 641 4134 exemplis
672 4059 744 4118 satis
767 4060 943 4136 perspicias:
975 4059 1040 4132 111,
1067 4064 1095 4130 2,
1122 4064 1181 4122 24:
1206 4059 1274 4134 pin-

156 4149 223 4227 guis
250 4185 288 4194 --
314 4149 397 4208 dives
421 4149 456 4221 O,
481 4151 561 4226 quod
585 4167 620 4206 ex
644 4168 734 4208 versu
759 4150 950 4210 antecedente
974 4149 1033 4208 huc
1055 4148 1185 4224 irrepsit,
1215 4148 1272 4222 ΙΙΙ,

158 4245 186 4313 4,
212 4244 251 4302 9;
282 4241 388 4300 natum
419 4239 450 4300 in
484 4259 570 4302 ouras
601 4273 640 4282 -
669 4241 774 4301 natum
807 4243 939 4300 maturas
971 4239 1014 4312 Y,
1047 4240 1076 4296 et
1107 4237 1131 4311 Ι,
1159 4243 1187 4313 9,
1214 4242 1273 4302 68:
