3240 5006
815 441 1021 503 ...6,-

352 615 443 675 ceteri
472 614 586 675 codices
618 615 760 675 exhibent
786 620 923 690 „suam“,
956 637 1033 693 quaa
1066 617 1154 676 lectio
1178 635 1273 692 quam
1296 617 1400 694 inepta
1423 619 1471 690 sit,

353 705 421 763 inde
444 706 579 780 apparet,
604 705 685 780 quod
709 706 764 765 hoc
787 705 917 764 carmine
941 708 1067 782 loquens
1090 706 1217 783 fingitur
1241 704 1383 782 Sulpicia.

442 793 495 867 IV,
522 798 551 866 9,
578 798 595 857 2
620 793 650 851 in
674 794 759 854 libris
782 795 892 854 nostris
916 795 1066 854 traditur:

497 883 601 942 Natali
625 883 736 943 Romae
759 903 819 942 non
842 883 919 943 sinet
942 883 1004 962 (vel
1030 883 1155 962 „sinit“)
1180 903 1243 944 esse
1265 887 1330 954 tua,

243 1047 244 1050 Ἴ
321 1052 323 1056 .
354 991 446 1046 quam
477 972 635 1033 lectionem
665 993 746 1033 mero
778 992 876 1033 errore
908 994 943 1033 ex
974 974 1081 1033 ultimo
1113 974 1251 1034 carminis
1275 973 1475 1032 antecedentis

354 1079 461 1120 versu:

582 1151 717 1209 Arbitrio
742 1150 884 1226 quoniam
907 1171 965 1210 non
989 1151 1062 1212 sinis
1086 1169 1148 1211 esse
1171 1170 1236 1211 meo

354 1240 415 1299 huc
439 1240 616 1299 translatam
640 1257 702 1298 esse
726 1243 860 1314 apparet.
886 1240 981 1316 Fpro
1008 1260 1087 1315 „non
1102 1241 1198 1299 sinet“
1226 1241 1338 1316 optime
1353 1241 1475 1316 praebet

358 1329 436 1402 „iam
461 1329 563 1392 licet“.
612 1327 669 1387 Sed
692 1348 728 1386 ne
761 1328 792 1385 in
821 1328 876 1387 hac
901 1329 1022 1404 quidem
1053 1331 1226 1388 membrana
1257 1330 1371 1404 optima
1393 1332 1476 1388 totus

354 1435 460 1478 versus
491 1418 623 1477 intactus
654 1417 734 1476 tradi
766 1417 840 1475 mihi
863 1418 992 1476 videtur.
1046 1417 1125 1477 Nam
1157 1416 1307 1493 Sulpiciae
1340 1418 1477 1493 epistolia

357 1506 411 1578 IV,
438 1511 456 1570 8
482 1510 512 1566 et
537 1513 555 1570 9
589 1524 647 1564 non
678 1507 714 1565 de
738 1505 888 1577 Cerinthi‚
920 1507 971 1565 sed
995 1507 1030 1565 de
1054 1507 1148 1582 ipsius
1171 1507 1290 1581 puellae
1314 1507 1360 1565 die
1383 1507 1478 1565 natali

355 1595 467 1672 scripta
490 1613 553 1654 esse
576 1592 752 1672 existimol).
799 1595 905 1669 Neque
938 1595 1016 1653 enim
1047 1597 1083 1654 dc
1115 1595 1203 1654 amici
1233 1595 1281 1654 die
1303 1596 1381 1654 illud
1407 1593 1477 1670 „In-

309 1676 311 1680 ’
355 1685 438 1744 visus
461 1683 591 1743 natalis“
617 1683 647 1742 in
671 1704 699 1742 v.
724 1689 754 1754 8,
783 1689 796 1746 1
823 1687 1005 1758 usurpatum
1025 1685 1146 1744 videtur
1171 1705 1188 1742 a
1211 1686 1312 1760 puella
1336 1685 1478 1743 amantis-

355 1775 439 1844 sima,
464 1773 577 1849 optime
608 1771 709 1831 autem
740 1772 770 1830 in
794 1772 888 1847 ipsius
911 1774 1043 1833 natalem
1066 1774 1210 1849 quadrat,
1239 1793 1329 1850 quem
1353 1773 1479 1834 Messala

355 1863 483 1922 nimium
515 1861 664 1938 Sulpiciae
696 1861 850 1921 studiosus
883 1865 924 1938 (v.
950 1867 984 1933 8,
1012 1863 1044 1945 5)
1077 1864 1108 1921 in
1141 1863 1215 1922 villa
1250 1881 1305 1923 sua
1336 1863 1479 1938 Arretina

357 1954 508 2012 celebrare
538 1952 700 2030 cogitabat.
757 1949 868 2020 Quodsi
898 1970 926 2009 v.
952 1958 986 2023 9,
1013 1958 1031 2016 2
1070 1956 1163 2027 ¹,tu0“
1200 1953 1276 2011 illud
1306 1953 1338 2011 in
1373 1957 1477 2026 „me0“

357 2041 657 2113 commutaverimuS‚
691 2060 728 2098 ne
760 2056 865 2098 versus
895 2045 1054 2115 sequentes
1086 2042 1220 2117 quidem,
1246 2045 1264 2104 3
1290 2045 1320 2100 et
1343 2047 1378 2111 4,
1404 2060 1480 2117 quos

357 2130 557 2190 Baehrensius
580 2130 694 2188 frustra
717 2129 872 2187 emendare
897 2134 1022 2189 conatus
1045 2132 1099 2200 est,
1124 2128 1217 2186 ullam
1240 2129 1300 2186 iam
1323 2128 1479 2188 habebunt

356 2220 557 2282 offensionem.
1097 2232 1100 2240 ·

447 2308 503 2368 His
536 2307 677 2384 exemplis
710 2326 789 2383 quae
824 2308 890 2366 aliis
926 2308 1017 2366 etiam
1052 2309 1179 2382 possunt
1215 2304 1336 2381 augeri,
1366 2322 1478 2379 paucas

362 2399 503 2458 lectiones
527 2418 562 2458 ex
586 2397 680 2456 altero
696 2397 894 2473 Priapeorum
909 2397 1150 2456 Tibullianorum
1174 2394 1267 2474 (inter
1282 2393 1410 2469 Priapea
1423 2394 1478 2466 83)

360 2492 513 2566 excerptas
548 2487 690 2562 adiciam,
721 2491 758 2547 ut
793 2491 907 2563 quanto
938 2486 1101 2565 fragmenti
1125 2485 1148 2543 F
1182 2484 1350 2558 scripturae
1372 2482 1404 2539 in
1426 2480 1483 2538 hac

359 2598 480 2655 quoque
503 2581 589 2655 parte
605 2577 712 2637 ceteris
727 2577 813 2636 libris
830 2576 1029 2651 Bruxellensi‚
1054 2575 1229 2647 Harleian0‚
1253 2570 1483 2630 Monacensibus

359 2667 581 2743 anteponendac
605 2667 674 2736 sint,
699 2665 793 2741 possit
816 2664 962 2741 intellegi.

447 2757 549 2832 Priap.
575 2759 628 2828 83,
655 2760 673 2819 9
697 2753 721 2811 F
745 2772 825 2813 unus
849 2752 984 2811 exhibet:

606 2845 658 2917 At,
683 2863 700 2903 o
723 2841 855 2917 tripalle,
879 2859 967 2916 saepe
989 2840 1115 2899 floribus
1138 2837 1233 2906 novis,

360 2936 452 2995 ceteri
476 2955 512 2994 ex
535 2954 563 2993 v.
590 2939 609 2998 6
635 2932 776 3009 „priape“
803 2929 999 3005 repetierunt.

449 3044 478 3083 v.
507 3026 545 3088 16
570 3022 611 3081 F:
635 3021 765 3098 pallidus
781 3020 853 3090 situ,
878 3018 986 3078 ceteri:
1015 3015 1158 3091 „callidus
1173 3014 1255 3073 situ“
1282 3012 1330 3072 vel
1349 3029 1484 3085 „semper

361 3113 547 3190 squalidus“.

450 3222 480 3261 v.
509 3206 546 3265 17
572 3219 616 3276 sq.
641 3199 665 3257 F
689 3217 768 3258 unus
791 3200 872 3256 recte
895 3197 1036 3272 praebet:

620 3288 768 3364 Canisque
792 3305 880 3346 saeva
903 3303 1015 3359 susque
1038 3283 1138 3361 ligneo
1162 3281 1219 3342 tibi

620 3377 753 3436 Lutosus
777 3374 937 3435 adfricabit
961 3372 1090 3432 oblitum
1114 3372 1205 3442 latua,

363 3469 454 3531 ceteri
485 3485 586 3527 omnes
618 3465 787 3526 foedissime
817 3462 992 3539 interpolati
1028 3460 1126 3521 varias
1156 3458 1296 3519 exhibent
1325 3455 1484 3515 lectiones:

367 3558 513 3633 „Oanisve
546 3576 635 3616 sevus
657 3556 785 3614 ,lutosus
818 3551 977 3612 adfricabit
1010 3550 1139 3611 oblitum
1171 3549 1269 3606 latus“
1302 3545 1351 3604 vel
1377 3544 1486 3619 „Oanis

364 3666 471 3708 saevus
502 3666 600 3722 usque
628 3645 761 3723 mingere
794 3645 849 3702 aut
879 3641 937 3701 tibi
960 3640 1094 3700 Fricabit
1125 3638 1282 3712 obliquum
1310 3634 1391 3693 latus
1415 3653 1487 3708 aper

365 3739 503 3797 lutosus“
537 3736 586 3796 vel
617 3735 708 3795 etiam
743 3731 889 3807 „Oanisve
912 3739 1001 3790 sevus
1031 3727 1191 3788 fabricabit
1219 3723 1349 3785 oblitum
1371 3723 1485 3782 latus“.

454 3846 483 3886 v.
510 3831 551 3890 28
576 3825 666 3884 codex
689 3822 713 3880 F
737 3822 818 3880 solus
843 3821 972 3891 exhibet,
997 3818 1088 3880 aeteri
1112 3815 1267 3876 omittunt.

455 3936 484 3975 v.
510 3919 551 3979 42
575 3915 606 3972 in
630 3913 654 3970 F
678 3913 833 3971 exaratum
859 3913 922 3969 est:

634 4001 762 4080 lligentc
784 4017 895 4059 nervus
919 4000 1047 4058 excubet
1068 3995 1211 4065 lubidine,

365 4145 578 4156 ..-——.—-·--1

367 4293 381 4347 t
457 4213 490 4344 1)t
503 4215 603 4271 Confer
625 4213 673 4280 IV,
692 4213 717 4279 6,
736 4212 811 4282 quod
830 4227 943 4267 carmen
960 4210 995 4265 dc
1014 4208 1110 4264 eodem
1127 4207 1238 4279 puellae
1250 4203 1341 4259 natali
1354 4201 1478 4275 composi

382 4308 428 4344 um
447 4306 498 4344 ea.
