3240 5006
769 405 986 465 -24„„

316 577 397 651 quod
421 576 511 636 etiam
534 577 716 636 Lachmanni
740 578 854 637 codices
886 575 1026 638 exhibent
1057 598 1175 649 omues3
1209 579 1304 638 altera
1335 581 1437 638 autem

315 684 408 724 mauu
432 665 600 741 adscriptus
625 669 669 725 est
692 685 797 726 versus
821 667 859 725 ab
883 667 1015 743 Aurispa
1038 668 1228 744 suppositus:

424 772 462 831 st
485 775 591 848 potum
613 773 706 832 fessas
730 775 838 834 ducere
861 774 1046 846 fluminibus

316 879 366 940 oui
400 881 540 940 Muretus
575 881 607 938 in
645 881 798 942 veteribus
832 882 982 942 codicibus
1026 883 1203 942 adnotatum
1237 883 1329 942 fuisse
1364 883 1439 942 dicit

319 989 443 1044 „versus
456 970 638 1045 Aurispee“.
678 970 718 1029 Et
730 971 925 1031 Eboracensis
948 975 1069 1047 praeter
1085 970 1211 1032 Senecae
1235 975 1438 1032 commentum

317 1059 442 1118 eundem
472 1060 553 1119 huuc
576 1079 697 1120 versum
721 1060 889 1121 exhibuisse
919 1062 1044 1134 dicitur3
1076 1062 1107 1119 in
1131 1062 1299 1122 Monacensi
1334 1064 1439 1120 autem

315 1149 371 1208 hoc
394 1150 635 1224 supplementum
658 1149 772 1208 inveni:

424 1254 535 1334 Cogere
558 1276 627 1316 cum
651 1277 780 1332 parvum
802 1259 899 1318 matre
922 1257 1013 1316 simul
1036 1257 1178 1318 vitulum.

404 1363 547 1423 Eiusdem
579 1363 719 1423 carminis
751 1367 820 1439 post
852 1383 973 1424 versum
998 1372 1015 1429 7
1021 1372 1038 1428 7
1064 1365 1134 1442 (75)
1170 1385 1239 1425 eum
1266 1365 1439 1423 hexameter

317 1453 490 1523 excidisset,
524 1451 707 1512 Lachmanni
737 1454 850 1513 codices
882 1454 994 1529 aliique
1029 1452 1156 1514 Senecae
1184 1454 1282 1530 (velut
1304 1453 1437 1528 Monac.)

318 1545 349 1601 et
384 1542 513 1601 aliorum
545 1543 765 1603 commenticios
800 1561 905 1602 versus
941 1546 1185 1618 assumpserunt,
1220 1543 1437 1602 Ambrosianus

316 1633 419 1690 autem
442 1631 654 1709 integerrimus
677 1633 728 1691 ille
752 1634 782 1692 et
804 1631 970 1691 Vaticanus
1000 1633 1056 1692 hoc
1090 1651 1212 1708 quoque
1243 1632 1308 1692 loco
1332 1651 1437 1690 versus

316 1720 401 1780 nullo
424 1721 521 1796 spatio
543 1721 714 1781 intermisso
737 1724 915 1792 conectunt,
940 1720 1195 1796 Guelferbytanus
1218 1722 1309 1781 unius
1333 1740 1437 1780 versus

316 1810 515 1869 interstitium
548 1811 691 1887 reliquit,
724 1829 784 1886 quo
815 1811 846 1869 in
869 1811 1028 1870 intervallo
1052 1829 1173 1870 versum
1197 1830 1287 1886 quem
1311 1810 1436 1870 Puocius

315 1898 486 1958 Pentenum
509 1899 678 1975 reposuisse
700 1902 843 1973 testatur,
867 1901 995 1961 inseruit
1017 1920 1124 1959 manus
1148 1900 1298 1960 secunda:

421 2005 446 2064 Ο
470 2008 592 2066 valeant
614 2007 715 2065 cultus
739 2009 769 2065 et
791 2007 904 2066 tinctae
926 2008 1040 2065 murice
1063 2008 1158 2066 lanae.

316 2112 532 2172 Ambrosianus
547 2112 579 2170 in
595 2112 731 2189 margine
747 2112 866 2172 exhibet
882 2111 1033 2173 Francisoi
1055 2113 1205 2189 Philelphi
1220 2116 1432 2202 commentum:

422 2218 447 2277 Ο
471 2220 589 2278 utinam
612 2221 727 2279 veteres
750 2223 945 2298 peragrantes
968 2239 1050 2280 more
1074 2221 1210 2296 puellae3

317 2346 385 2386 eum
417 2312 592 2402 Philelphus
624 2325 675 2384 ille
711 2347 737 2384 a.
767 2332 851 2391 1398
883 2329 988 2398 natue,
1022 2348 1048 2389 a.
1078 2333 1157 2392 1481
1185 2328 1352 2387 Florentiae
1382 2326 1432 2384 de·

316 2416 453 2487 cesserit,
485 2418 609 2492 apparet
640 2434 700 2492 quo
731 2417 797 2475 iure
829 2416 1027 2477 Baehrensius
1060 2418 1096 2477 de
1126 2417 1318 2477 Ambrosiani
1345 2433 1436 2474 manu

316 2505 479 2564 recentiore
502 2505 692 2565 iudicaverit.

393 2611 541 2688 ,Denique
564 2630 619 2687 pro
642 2629 732 2671 versu
754 2611 813 2686 ΙΠ,
838 2617 868 2684 4,
895 2617 954 2689 65,
985 2631 1074 2688 quem
1099 2632 1134 2672 ex
1156 2613 1325 2690 fragmento
1350 2611 1438 2671 Ouia-

317 2701 402 2762 eiano
432 2701 518 2760 nobis
549 2701 710 2760 restituere
734 2700 880 2778 contigit,
912 2721 981 2761 cum
1004 2702 1238 2761 Lachmanniani
1262 2702 1437 2761 exhibeant:

424 2806 538 2868 Saevus
562 2826 645 2866 amer
669 2808 772 2867 docuit
795 2808 932 2867 dominae
955 2809 1018 2868 fera
1042 2810 1135 2868 verba
1157 2809 1310 2880 minantis,

317 2912 431 2972 codices
454 2911 668 2972 Baehrensiani
691 2913 817 2971 tradunt
839 2910 934 2984 nihil,
969 2914 1027 2972 nisi
1050 2914 1131 2990 qued
1163 2915 1194 2973 in
1219 2914 1245 2974 G
1275 2914 1313 2972 ah
1344 2914 1439 2972 altera

317 3021 408 3061 manu
432 3002 607 3061 correctrice
629 3001 760 3060 Pontani
783 3021 887 3062 versus
912 3004 1067 3079 appositus
1091 3007 1152 3063 est:

424 3109 510 3168 Flere
533 3127 587 3168 nee
610 3109 791 3184 antepedes
814 3108 927 3183 pudeat
949 3109 1160 3185 dominamque
1183 3110 1331 3183 vocare1).
1378 3095 1381 3106 ’

319 3215 438 3276 Codices
468 3218 569 3275 eutem
601 3215 718 3290 aliquot
748 3215 920 3275 recentioris
952 3215 1061 3276 aetatis
1085 3235 1206 3276 versum
1229 3213 1439 3294 fragmentiF

318 3305 418 3380 ipsum
433 3305 464 3362 in
481 3307 642 3364 verborum
666 3306 808 3364 contextu
832 3305 981 3376 exhibent,
1006 3308 1125 3382 praeter
1141 3306 1260 3366 Pocchii
1284 3309 1314 3365 et
1327 3303 1440 3363 Perreii

320 3398 458 3470 excerpta
481 3395 603 3453 vetusta
626 3393 740 3453 cedices
765 3392 981 3466 Corviniauus,
1007 3394 1168 3455 Vossianus
1191 3395 1311 3466 tertius,
1335 3394 1439 3452 Mona-

319 3483 459 3559 censisll,
498 3483 564 3556 alii,
601 3501 675 3558 quos
711 3500 810 3542 omnes
844 3503 878 3542 ex
901 3483 953 3542 illo
976 3484 1053 3543 libre
1077 3485 1190 3560 optime
1213 3484 1348 3543 virorum
1371 3483 1439 3542 dec·

318 3575 420 3632 torum
452 3573 563 3632 saeculi
586 3571 643 3629 XV
675 3591 766 3647 opera
797 3591 918 3631 versum
949 3574 1113 3648 accepisse,
1147 3593 1202 3651 ego
1235 3573 1355 3648 quidem
1386 3591 1439 3647 pro

319 3664 401 3721 certo
423 3662 528 3736 habeo,
554 3680 623 3722 oum
645 3661 677 3719 in
705 3661 746 3720 eis
768 3661 887 3720 nullum
911 3662 1074 3740 vestigium
1097 3663 1255 3722 meliorum
1277 3662 1440 3722 lectionum

320 3771 411 3828 quam
434 3770 509 3829 ques
532 3750 646 3811 codices
668 3749 852 3810 Lachmanni
880 3754 909 3810 et
932 3751 1094 3810 Baehrensi
1117 3753 1271 3827 praebent,
1295 3751 1439 3828 indagare

410 4006 436 4075 1)
456 4008 629 4066 Lachmanni
647 4026 743 4078 appar.
763 4008 824 4062 crit.
845 4007 880 4062 ad
899 4008 973 4062 hunc
992 4008 1092 4062 locum.
1120 3998 1122 4006 ’

410 4104 438 4173 2)
458 4107 487 4162 Si
507 4124 540 4160 ea
558 4124 630 4174 quae
648 4105 772 4174 Heynius
791 4105 821 4159 in
840 4106 882 4160 ed.
902 4123 952 4160 sua
970 4106 1010 4159 IV
1029 4124 1075 4174 pg.
1095 4105 1200 4158 XXVII
1220 4106 1254 4160 de
1274 4104 1440 4159 Corviniano

321 4179 453 4244 tradidit,
479 4196 542 4232 eum
560 4177 721 4234 Monaceusi
746 4177 884 4243 conferas,
910 4177 1081 4232 arbitrabere
1105 4177 1222 4231 fortasse
1245 4177 1348 4230 librum
1366 4176 1441 4237 hune

321 4269 408 4308 unum
427 4249 599 4323 eundemque
619 4266 678 4309 esse
697 4251 782 4322 atque
800 4248 891 4318 illum,
910 4252 960 4308 aut
979 4252 1054 4328 uerte
1073 4247 1254 4308 simillimum.
