3240 5006
788 352 1008 412 -42-

336 527 442 585 tenues
464 525 555 586 denso
577 526 695 604 pectine
717 528 804 587 noete
827 545 925 586 eomes
948 561 979 570 --
1000 528 1107 586 tenues
1121 526 1212 586 denso
1235 529 1353 602 pectere
1368 525 1490 586 dente

336 633 434 675 eomas
457 613 492 678 Ο.
527 613 586 686 ΠΙ,
611 620 642 688 4,
668 620 726 680 66:
750 617 853 693 potuit
878 649 918 660 -
942 615 1046 675 denuit
1068 614 1104 675 0.

425 702 534 764 Omnes
564 703 626 764 fere
656 705 769 765 codices
801 708 914 764 eeteros
944 705 1055 782 passim
1087 723 1141 781 per
1169 703 1367 765 bibliothecas
1395 703 1485 763 dis-

336 811 448 870 persos,
472 793 562 854 sicuti
584 793 838 854 Lachmannianos
860 794 972 870 partim
995 813 1030 854 ex
1054 793 1261 867 Ambrosiano,
1286 793 1398 870 partim
1425 813 1485 853 ex

337 883 482 942 Vaticano
514 902 568 959 per
598 883 698 944 varios
722 884 833 961 gradus
856 883 988 958 fluxisse,
1013 884 1108 962 magis
1130 882 1288 960 magisque
1311 883 1484 961 gliscente

337 975 367 1033 et
382 971 612 1048 interpolatione
628 975 660 1032 et
673 972 895 1048 depravatione,
916 973 1065 1032 Aemilius
1080 972 1278 1032 Baehrensius
1294 971 1325 1030 in
1340 972 1480 1050 proleg.

335 1081 387 1140 pg.
410 1060 454 1120 IX
482 1064 629 1136 testatur,
661 1081 772 1138 paucos
799 1081 834 1121 ex
858 1062 952 1122 altera
975 1061 1090 1120 familia
1112 1064 1198 1120 natos
1222 1079 1333 1137 eosque
1355 1080 1480 1120 omnes
1600 1125 1601 1134 χ

335 1150 535 1210 multifariam
562 1151 648 1210 novis
678 1151 960 1228 interpolationibus
988 1170 1024 1211 ex
1052 1151 1145 1226 stirpe
1167 1151 1196 1208 Y
1222 1150 1322 1210 ductis
1353 1150 1477 1226 inqui-

335 1244 423 1300 natos
455 1243 556 1300 extare
586 1240 678 1314 dicit,
709 1241 754 1300 ita
784 1243 821 1300 ut
848 1241 929 1299 solus
952 1239 1224 1316 Guelferbytanus,
1255 1259 1290 1300 ex
1321 1258 1381 1316 quo
1410 1239 1474 1297 illi

335 1329 477 1405 descripti
500 1329 560 1389 sint
583 1330 679 1390 altera
701 1349 794 1388 manu
817 1330 990 1389 correctoris
1013 1329 1074 1388 iam
1097 1329 1218 1399 addita,
1246 1328 1278 1387 in
1311 1328 1381 1388 arisi
1404 1327 1474 1386 Ti-

335 1417 473 1477 bulliana'
493 1422 612 1495 praeter
635 1417 664 1477 A
687 1422 717 1478 et
740 1419 768 1476 V
792 1419 899 1478 debeat
922 1418 1067 1478 adhiberi.

424 1506 489 1566 Iam
522 1508 620 1586 igitur
649 1508 685 1567 de
719 1510 774 1568 hoo
809 1507 908 1567 eodioe
941 1507 1087 1585 singulari
1121 1506 1276 1566 videamus
1306 1503 1381 1582 quid
1416 1505 1471 1565 sit
1599 1503 1600 1507 ’

336 1597 540 1656 statuendum.
