3240 5006
759 405 979 464 *12-

309 574 383 635 Fnit
407 577 541 636 omnium
564 580 683 654 praeter
697 578 890 639 Cuiacianum
905 578 1110 658 fragmentum
1128 580 1260 657 optimus
1284 585 1314 640 et
1330 601 1429 640 emen-

308 663 492 726 datissimus.
538 666 618 726 Nam
640 668 748 727 menda
771 669 948 744 scripturae,
980 689 1057 744 quae
1089 668 1120 727 in
1153 670 1300 745 excerptis
1322 671 1428 745 depre-

309 754 466 814 hendimus
490 757 572 815 hand
595 776 701 832 pauca,
735 777 793 816 non
816 758 903 817 modo
935 757 965 815 in
988 758 1042 817 ille
1065 758 1152 829 libro,
1186 761 1237 818 sed
1265 780 1302 819 ne
1331 759 1362 816 in
1395 779 1428 818 eo

309 843 430 917 quidem
452 845 592 922 florilegii
617 846 777 922 exemplari
801 848 881 923 quod
906 847 1059 922 exipsius
1083 849 1270 926 grammatici
1289 848 1428 907 manibus

308 933 476 1007 profectum
499 942 553 1008 est,
579 935 712 1012 extitisse
735 935 799 995 veri
822 939 867 995 est
889 935 1090 996 simillimum:
1124 939 1198 997 tales
1222 941 1301 998 certe
1336 937 1428 1013 scrip-

308 1024 404 1096 turae,
437 1025 541 1099 quales
565 1027 636 1083 sunt
664 1025 833 1097 ,confixns“
869 1043 923 1100 pro
950 1025 1130 1099 ,confisus“,
1167 1028 1301 1102 „credita
1331 1027 1423 1086 ratis“

307 1131 361 1187 pro
388 1113 501 1186 „credit
524 1113 636 1172 aratis“
664 1113 700 1190 (Ι,
727 1119 756 1187 9,
782 1119 833 1178 45.
858 1114 900 1184 ΙΙ,
919 1119 948 1185 6,
967 1118 1033 1189 21),
1060 1115 1134 1174 aliae
1158 1117 1195 1175 ab
1221 1119 1428 1192 excerptorum

310 1205 431 1260 auctore
453 1203 572 1280 neglegi
595 1221 654 1262 non
678 1207 854 1277 potuerunt,
879 1204 929 1261 sed
955 1223 971 1261 a
994 1205 1160 1278 posteriore
1184 1206 1304 1264 demum
1320 1205 1427 1266 codicis

308 1289 430 1349 librario
454 1292 588 1350 socordia
610 1291 795 1366 levitateque
819 1291 850 1349 in
874 1291 1077 1368 Frisingensie
1105 1296 1177 1352 sunt
1200 1295 1312 1355 illatae.
1360 1295 1428 1353 Duo

308 1379 380 1439 haec
403 1380 611 1440 tantummodo
642 1381 748 1439 menda
778 1381 838 1438 iam
871 1381 902 1438 in
934 1380 1032 1440 codice
1062 1381 1114 1441 illo
1146 1382 1265 1460 integro
1293 1385 1427 1443 extitisse

309 1473 400 1544 atque
422 1469 490 1528 inde
514 1469 545 1527 in
568 1469 749 1546 florilegium
771 1468 926 1544 irrepsisse
949 1473 1049 1544 potest
1071 1471 1226 1529 contendi:

397 1556 438 1631 ΙΙ,
465 1562 495 1632 1,
521 1563 577 1622 22:

579 1645 651 1722 Spes
675 1645 765 1706 sulcis
789 1646 884 1706 credit
908 1646 1000 1706 aretis

512 1735 630 1796 Semina
654 1755 731 1812 quae
753 1754 862 1813 magno
885 1736 986 1796 fenore
1009 1735 1144 1796 reddit
1169 1756 1250 1813 ager,

307 1823 361 1882 ubi
383 1823 453 1883 libri
476 1825 571 1884 nostri
594 1829 674 1885 recte
690 1825 830 1885 exhibent
857 1825 999 1898 „reddat“
1028 1828 1058 1884 et
1080 1824 1137 1898 III,
1164 1830 1193 1897 3,
1220 1830 1277 1889 22:
1307 1827 1424 1903 „gerit“

307 1931 361 1988 pro
388 1913 515 1991 ,regit.“
553 1914 681 1990 Reliqua
698 1917 800 1974 autem
823 1914 939 1975 librarii
956 1933 1055 1974 errore
1079 1917 1181 1973 exorta
1197 1918 1269 1974 sunt
1293 1919 1323 1974 et
1339 1916 1426 1976 facile

308 2007 540 2078 cognoscuntur.
578 2002 643 2073 Qua
667 2004 703 2062 de
718 2023 809 2062 causa
824 2003 906 2064 bend
921 2003 1034 2062 iniuria
1050 2022 1197 2062 summam
1214 2005 1426 2064 auctoritatem

306 2090 543 2169 Frisingensium
575 2093 731 2168 scripturis
762 2093 821 2151 viri
853 2093 932 2151 docti
965 2093 1157 2165 tribuerunt;
1193 2095 1321 2152 maxime
1353 2112 1424 2152 vero

306 2180 426 2256 singula
453 2181 505 2239 illa
535 2183 682 2240 vocabula
705 2202 783 2257 qnae
816 2201 852 2240 ex
881 2201 1023 2241 versuum
1048 2201 1161 2242 conexu
1189 2183 1288 2241 solute
1320 2181 1350 2237 in
1374 2201 1423 2238 ex-

307 2269 416 2343 cerptis
440 2271 542 2329 extare
564 2289 656 2347 snpra
680 2271 795 2331 dictum
819 2273 872 2342 est,
906 2272 986 2330 omni
1010 2272 1201 2349 corruptione
1224 2288 1320 2329 vacue
1352 2269 1422 2326 sunt

306 2358 453 2417 ducende:
479 2359 552 2421 haec
568 2360 646 2419 enim
669 2361 860 2436 potissimum
884 2382 901 2420 a
915 2361 1045 2421 librariis
1061 2361 1220 2438 diligenter
1235 2377 1296 2419 esse
1312 2358 1423 2432 scripta

304 2446 486 2523 minimeque
502 2449 671 2521 immutata,
688 2471 741 2526 per
757 2470 787 2510 se
802 2451 1003 2528 intellegitur.
1034 2450 1141 2525 Neque
1158 2448 1306 2509 sententia
1322 2449 1423 2504 nostra

305 2555 377 2596 voce
400 2557 478 2613 quae
502 2543 546 2598 est
572 2539 737 2614 „hamatis“
765 2559 794 2598 v.
819 2538 873 2613 IV,
899 2545 929 2611 3,
958 2545 997 2603 10
1021 2542 1121 2615 potest
1144 2538 1288 2598 refutari:
1314 2535 1425 2594 iniuria

306 2625 384 2684 enim
418 2627 543 2687 Luciani
579 2627 717 2688 Muelleri
752 2629 788 2687 de
826 2628 882 2687 hac
916 2629 1066 2703 scripture
1101 2628 1280 2687 sententium
1315 2625 1425 2684 reicere

305 2719 430 2774 conatus
454 2720 500 2775 est
522 2716 706 2790 Protzenius,
739 2736 808 2776 cum
839 2718 1031 2776 contenderet
1062 2715 1172 2774 lineola
1194 2714 1247 2772 illa
1270 2712 1424 2771 vocalibus

304 2805 507 2881 superscripta
530 2826 685 2882 nunquam
707 2824 792 2881 posse
815 2805 988 2882 significari,
1021 2803 1241 2880 producendam
1265 2819 1326 2860 esse
1361 2799 1423 2876 syl·

304 2895 416 2965 labam;
440 2894 531 2953 immo
546 2899 627 2955 recte
642 2895 823 2954 Muellerum
846 2895 922 2955 illud
939 2893 1063 2953 sensisse
1088 2913 1123 2951 ex
1139 2890 1277 2966 plurimis
1302 2908 1436 2970 excerp-k

303 2985 406 3042 torum
421 2983 659 3062 Frisingensium
682 2984 754 3044 locis
771 3002 846 3060 quos
869 2985 932 3059 ipsa
955 2980 1079 3056 inspexi,
1105 2981 1238 3055 apparet.
1286 2977 1424 3053 Exempli

304 3073 402 3150 gratia
425 3073 547 3133 afferam
570 3075 637 3134 hos:
661 3073 691 3130 in
709 3072 864 3132 Claudiani
881 3070 1027 3145 excerptis
1043 3089 1120 3144 quae
1135 3067 1313 3128 Tibullianis
1336 3087 1423 3143 prae-

304 3163 424 3236 cedunt,
454 3182 504 3240 pg.
532 3169 592 3227 117
625 3161 695 3222 libri
726 3164 810 3220 extat
837 3161 989 3234 ,111111ιζ
1024 3157 1054 3217 et'
1084 3160 1115 3217 11
1140 3158 1251 3236 eclogia
1274 3157 1423 3216 Martialis

304 3270 381 3326 quae
404 3255 584 3327 sequuntur,
615 3271 666 3328 pg.
694 3255 755 3315 118
779 3270 844 3326 sqq.
876 3248 1087 3324 reperiuntur:
1127 3238 1260 3318 Oastdra,
1293 3237 1422 3318 bridius,

303 3340 403 3417 Nugis
427 3340 498 3416 (III,
525 3345 576 3415 55,
602 3344 645 3416 3),
671 3340 774 3413 Aluta,
807 3330 908 3402 bitum
932 3337 1001 3409 1ΙΠ,
1028 3342 1079 3412 36,
1105 3344 1150 3418 4),
1174 3336 1296 3406 serium,
1325 3333 1423 3398 sbldas

305 3428 375 3508 (III,
401 3435 453 3500 50,
479 3433 522 3507 3),
547 3427 707 3508 drigarum
732 3428 821 3505 (miro
851 3426 966 3486 librarii
994 3446 1103 3501 errore,
1134 3427 1176 3501 ΙΙ,
1203 3430 1254 3496 50,
1280 3427 1324 3499 4),
1349 3433 1422 3500 cepo

304 3515 374 3598 (ΙΙΙ,
393 3524 444 3589 57,
466 3517 507 3598 1),
532 3520 686 3594 quatinus,
703 3517 843 3593 putidula
860 3515 926 3593 (IV,
945 3521 996 3588 20,
1014 3519 1058 3594 4),
1081 3525 1199 3582 1115111
1223 3513 1289 3590 (IV,
1310 3518 1360 3584 19,
1379 3516 1421 3588 5),

304 3599 432 3678 11111111,
457 3598 663 3684 Β11151111Π,
689 3611 740 3677 59,
769 3609 799 3683 l)
824 3609 880 3665 etc.
928 3604 1044 3676 Quibus
1062 3607 1135 3666 locis
1151 3604 1290 3664 omnibus
1313 3603 1423 3661 lineola

304 3698 352 3756 vel
375 3697 505 3756 circulus
528 3695 771 3757 semicirculusve
793 3695 913 3755 litterae
937 3695 1159 3772 superscriptus
1184 3694 1221 3752 ad
1241 3692 1316 3750 nihil
1340 3691 1422 3750 aliud

304 3789 403 3862 potest
425 3785 584 3861 pertinere,
608 3786 666 3846 nisi
688 3785 725 3843 ad
748 3786 930 3860 syllabarum
955 3805 1046 3862 quam
1076 3786 1181 3844 dicunt
1204 3781 1421 3857 quantitatem

305 3875 474 3952 quidquod
497 3875 617 3953 singula
639 3876 692 3934 ille
715 3875 861 3934 vocabula
884 3878 1006 3951 propter
1022 3875 1115 3934 solam
1138 3875 1215 3931 hanc
1238 3871 1422 3947 syllabarum

304 3983 474 4025 mensuram
498 3967 535 4024 ab
560 3971 730 4042 excerptore
752 3963 882 4038 ascripta
905 3982 967 4024 esse
990 3964 1154 4022 videntur?
1193 3960 1422 4030 Quamobrem

304 4054 454 4130 scriptura
479 4054 675 4130 ,bemmatis
712 4053 994 4131 aFrisingensibus
1026 4055 1072 4113 est
1100 4049 1298 4112 abiudicanda
1330 4051 1421 4124 atque

308 4143 476 4220 „hamatis“
502 4143 672 4221 legendum.

393 4233 463 4293 Jem
485 4252 556 4293 vero
580 4234 653 4311 quid
686 4252 721 4294 ex
752 4231 856 4292 nostra
886 4230 1034 4294 sententia
1065 4233 1222 4310 sequatur,
1256 4227 1420 4292 videamus.
