3240 5006
633 440 851 498 ‚47-

151 631 234 704 ⁸pro
258 632 293 672 ee
316 632 406 688 quam
430 611 611 688 archetypus
635 612 743 674 codicis
767 611 794 671 (i
817 614 847 670 et
871 613 1077 688 excerptorum
1097 609 1302 671 Parisinorum

180 702 317 762 exhibuit
336 702 517 777 „adoperta“
535 704 677 778 praebere
700 702 774 760 mihi
789 701 920 761 videtur.
960 701 1059 760 Multo
1083 701 1161 760 enim
1185 719 1301 783 γραφι-

179 779 318 870 κώτερον
350 791 429 850 illud
460 791 575 852 dictum
608 793 652 851 eat
683 794 775 867 atque
805 790 875 850 huic
906 791 1064 866 praecipue
1097 791 1160 850 loco
1189 790 1300 866 aptius,

180 900 247 940 cum
271 881 302 938 in
318 881 455 940 versibus
479 881 675 956 sequentibus
699 881 801 940 eedem
818 879 932 938 Praeda
955 880 1042 957 quasi
1058 897 1183 954 persona
1198 896 1299 958 agene,

179 970 210 1028 id
233 973 278 1029 est
296 972 425 1046 „operata
448 969 618 1032 inducatur.
658 969 761 1046 Atque
776 969 894 1030 facilius
919 972 1000 1029 certe
1016 969 1197 1029 vocabulum
1220 969 1302 1044 qnod

179 1062 224 1119 est
248 1059 407 1135 adoperta,
432 1059 586 1120 inlocum
610 1059 690 1118 vocis
717 1051 877 1134 „opereta“
902 1057 997 1134 recipi
1027 1058 1176 1134 potuisse,
1210 1077 1302 1134 quam

177 1167 284 1219 secus,
319 1167 354 1206 ex
386 1166 490 1208 versus
513 1148 554 1221 H,
580 1153 609 1219 5,
636 1153 676 1212 95
708 1147 865 1224 scripturis
895 1147 1102 1224 intellegitur:
1134 1145 1300 1222 Aoperta‚

180 1237 205 1294 V
233 1240 284 1312 „et
308 1240 431 1312 operta“
458 1237 543 1311 falso,
568 1235 595 1296 G
621 1240 781 1312 „operata“
808 1239 899 1300 recte.

269 1360 344 1420 (lum
369 1363 471 1421 autem
495 1361 532 1420 ad
555 1362 702 1420 bonarum
725 1361 889 1420 lectionum
913 1378 1073 1418 numerum
1096 1358 1246 1419 codicisG
1270 1363 1300 1419 et

181 1451 318 1530 florilegii
351 1451 556 1518 communium
583 1469 695 1526 pravae
725 1451 780 1509 hae
811 1468 904 1525 paene
928 1449 989 1507 sint
1012 1449 1133 1524 nullae,
1165 1449 1300 1525 reliquae

182 1557 299 1616 quoqne
323 1539 491 1615 scripturae
514 1539 657 1613 illorum,
691 1539 728 1598 de
760 1539 872 1615 quibus
900 1537 1034 1613 ahoquin
1057 1536 1197 1598 dubitare
1219 1538 1299 1612 licet,

178 1648 232 1705 pro
255 1629 406 1708 germanis
429 1629 538 1688 codicis
561 1628 718 1704 archetypi
741 1629 767 1686 X
791 1629 943 1688 habendae
973 1630 1055 1686 sunt.
1102 1627 1300 1703 Recipiantur

177 1719 275 1796 igitur
296 1719 328 1776 in
352 1718 511 1778 editionem
536 1720 656 1793 oportet
678 1718 748 1777 hae:

212 1859 239 1931 Ῑ,
264 1865 293 1931 3,
319 1867 378 1924 71:
402 1861 480 1919 'Pum
715 1859 800 1920 Tunc
818 1859 855 1917 Y.

263 1955 291 2022 8,
338 1955 374 2014 9:
400 1951 522 2027 prodest
544 1950 647 2010 molles
715 1950 819 2010 molles
843 1948 964 2024 prodest
986 1947 1022 2006 Y.

263 2043 292 2112 8,
319 2043 375 2103 10:
401 2039 495 2115 Saepe
519 2041 550 2098 et
714 2037 868 2114 Saepeque
891 2037 927 2100 Y.

195 2154 236 2227 Π,
263 2160 289 2229 1,
315 2161 373 2220 29:
397 2157 549 2217 celebrant
714 2156 864 2216 celebrent
887 2153 924 2212 Y.

262 2252 287 2320 l,
313 2251 371 2310 45:
396 2250 465 2306 tum
709 2248 784 2304 tunc
806 2243 843 2303 Y.

175 2361 241 2440 Ill,¹
260 2367 289 2433 3,
316 2367 375 2425 29:
399 2363 466 2421 Non
716 2360 778 2419 Nec
801 2360 838 2418 Y.

259 2455 289 2520 6,
317 2455 373 2514 13:
397 2451 508 2511 feroces
714 2449 842 2510 ferocem
864 2449 901 2506 Y.

267 2609 322 2668 His
349 2611 484 2671 omnibns
518 2611 597 2670 enim
627 2610 784 2686 scripturis
814 2610 967 2688 graviores
997 2627 1104 2669 causae
1136 2607 1296 2685 quominus

179 2717 249 2757 vera
272 2699 384 2759 Tibulli
407 2703 497 2760 verba
520 2702 667 2776 putentur
689 2718 748 2758 non
773 2700 911 2772 obstent;
942 2699 973 2757 in
1003 2718 1065 2757 una
1088 2697 1297 2764 tantummodo

176 2806 279 2848 versus
310 2788 351 2860 ΙΙ,
392 2795 418 2860 1,
456 2795 497 2854 29
536 2789 746 2866 coniunctivae
782 2790 969 2864 „celebrent“
1006 2785 1166 2862 paululum
1198 2786 1297 2863 aptior

174 2897 265 2952 quam
280 2878 463 2938 indicativus
479 2878 610 2938 videtur.
646 2878 691 2937 De
706 2895 796 2938 versu
820 2878 844 2948 Ι,
874 2883 922 2951 10,
948 2881 1000 2947 46,
1026 2877 1128 2952 quoX
1156 2875 1292 2951 „panda“

174 2967 302 3043 exhibet,
327 2969 354 3026 Y
373 2971 518 3042 „curva“,
542 2967 622 3026 infra
645 2967 675 3025 in
699 2967 881 3026 auctoritate
904 2965 1013 3026 codicis
1036 2965 1191 3041 archetypi
1213 2964 1296 3023 flori·

173 3054 245 3132 legii
268 3059 299 3114 at
319 3055 549 3130 Guelferbytcni
572 3056 763 3131 ponderanda
785 3056 972 3116 disseremus
1297 3069 1299 3073 '

264 3177 330 3236 Iam
354 3176 391 3236 ad
416 3196 464 3236 eas
486 3178 625 3240 lectiones
650 3181 881 3259 aggrediamur,
916 3179 1026 3255 quibus
1051 3180 1190 3253 excerpta
1213 3176 1287 3236 Par-

176 3265 240 3325 sina
263 3286 280 3324 a
304 3265 540 3342 Guelferbytano
561 3270 751 3330 dissentiunt.
798 3268 1034 3344 Interpolatione
1066 3267 1188 3344 quidem
1211 3268 1295 3326 ortae

176 3360 248 3415 sunt
271 3359 326 3414 ant
349 3359 429 3416 certe
457 3356 487 3414 in
520 3359 618 3419 codice
650 3359 811 3436 utriusque
841 3357 973 3418 familiae
1003 3357 1166 3433 archetypo
1188 3353 1213 3414 Ο
1237 3375 1294 3414 non

176 3445 342 3505 extiterunt
365 3445 435 3504 illae
459 3466 536 3522 quae
551 3448 600 3508 vel
622 3449 653 3506 in
674 3447 765 3508 Gvel
787 3449 819 3506 in
841 3447 987 3526 florilegio
1012 3449 1150 3506 exaratae
1174 3464 1191 3503 a
1215 3447 1295 3505 cete·

175 3552 279 3594 rorum
315 3535 462 3594 librorum
479 3611 481 3614 Ι
501 3555 646 3596 consensu
685 3537 905 3599 destituuntur.
963 3536 1048 3596 Duae
1083 3536 1139 3594 hae
1172 3537 1295 3594 tantum

176 3622 340 3698 scripturae
363 3623 404 3695 ΙΙ,
434 3632 461 3696 l,
488 3630 525 3689 9:
559 3631 631 3684 sunt
652 3625 680 3683 Y
703 3626 770 3697 Par,
800 3625 860 3685 sint
885 3624 911 3684 G
934 3627 969 3684 et
987 3624 1028 3694 ΙΙ,
1057 3631 1084 3696 l,
1110 3629 1170 3689 89:
1201 3623 1294 3682 fulvis

175 3709 310 3785 YPer.‚
342 3713 439 3773 furvis
464 3712 506 3786 G,
536 3715 646 3790 quibus
677 3715 828 3774 consensio
857 3713 992 3775 codicum
1014 3712 1078 3771 AV
1102 3717 1132 3772 et
1155 3711 1294 3789 florilegii
1419 3735 1422 3740 ·

173 3801 344 3860 testimonio
360 3800 590 3879 Guelferbytani
613 3803 735 3864 inferior
759 3807 814 3880 est,
837 3804 868 3862 in
891 3803 1054 3878 utriusque
1076 3801 1207 3861 familiae
1224 3819 1294 3876 pro·

173 3889 290 3966 geniem
315 3909 413 3950 errore
436 3892 589 3966 irrepsisse
605 3892 756 3965 videntur,
780 3893 811 3953 id
834 3892 915 3969 quod
937 3891 1078 3951 facillime
1093 3890 1157 3949 fieri
1172 3889 1292 3966 potuit;
1328 3919 1329 3922 ¹

172 3978 268 4037 altera
291 3982 370 4040 certe
393 3980 481 4039 lectio
505 4000 541 4040 ex
564 3999 677 4051 versus
691 3982 893 4043 antecedentis
917 3981 1065 4040 vocabulo
1081 3979 1203 4053 „fulva“
1222 3997 1291 4054 pro-

170 4067 250 4127 fecta
281 4071 334 4127 est.
383 4067 494 4127 Contra
525 4070 571 4129 his
601 4070 674 4130 locis
698 4069 929 4147 Guelferbytani
956 4069 1097 4130 librarius
1127 4068 1292 4144 interpola·

170 4157 252 4217 tione
275 4157 339 4217 sive
362 4157 497 4217 socordia
520 4158 628 4240 codicis
652 4160 807 4236 archetypi
821 4158 845 4219 0
861 4158 1004 4220 lectiones
1027 4158 1210 4234 immutavit,
1235 4156 1292 4216 AV

64 4326 66 4328 Ι
170 4257 327 4322 germanas
352 4246 508 4306 exhibent:
