3244 5004
766 409 985 470 „13..

316 579 425 640 abiecit
437 579 472 660 ¹),
504 579 721 640 sententiarum
744 599 890 642 conexum
914 581 1012 642 effecit
1043 581 1257 660 planioremI),
1292 584 1435 644 exeroIta·

314 669 433 728 tionum
456 687 556 739 causa,
581 671 617 728 ut
640 670 801 729 verborum
825 671 940 746 copiam
965 670 1143 742 ostenderet,
1167 672 1265 730 multa
1288 673 1436 733 vocabula

315 759 382 821 aliis
413 758 587 834 synonymis
617 758 803 819 similibusve
834 760 966 820 eiusdem
997 759 1176 837 quantitatis
1208 780 1299 836 quam
1331 762 1436 821 dicunt

315 846 560 922 commutavit³),
592 847 720 923 denique
743 868 780 908 ne
803 848 943 924 discipuli
967 870 984 909 a
1007 849 1158 910 communi
1180 850 1233 909 illa
1257 853 1434 928 grammati-

315 956 419 996 corum
450 937 567 1015 regula,
603 955 694 1012 quam
726 957 761 996 ex
793 936 894 996 Ovidii
924 939 1104 1014 pentametri
1136 939 1283 998 formandi
1319 941 1435 1000 ratione

314 1026 545 1099 constituerant,
570 1026 799 1097 deducerentur,
825 1045 926 1087 omnes
942 1027 1003 1088 fere
1020 1045 1163 1088 versuum
1179 1031 1434 1104 pentametro'rum

315 1115 467 1175 clausulas
483 1115 657 1191 trisyllabus
681 1115 711 1172 in
726 1116 891 1192 bisyllabas
913 1117 1184 1194 transformavit.⁴)
1224 1117 1321 1177 Semel
1344 1119 1436 1177 etiam

315 1205 389 1265 duos
412 1223 516 1264 versus
539 1205 570 1263 in
593 1223 689 1263 unum
713 1205 849 1264 confudit
872 1205 897 1277 Ι,
927 1212 953 1278 1,
983 1212 1021 1271 19
1046 1209 1077 1265 et
1101 1212 1161 1271 37:

670 1292 730 1352 Vos
754 1312 875 1370 quoque
899 1296 1000 1355 adeste
1023 1294 1080 1354 dei.

315 1379 459 1443 Similiter
482 1400 587 1442 versus
612 1387 653 1446 25
689 1383 820 1442 eiusdem
845 1384 958 1461 elegiae
982 1383 1108 1444 lectione
1134 1383 1271 1462 „Quippe
1296 1405 1350 1465 ego
1374 1387 1433 1445 iam

314 1476 454 1547 possum“
481 1471 610 1547 primam
634 1475 842 1547 excerptorum
865 1477 983 1548 partem
1005 1473 1031 1548 I,
1060 1479 1087 1548 l,
1115 1479 1222 1538 1-10
1246 1493 1316 1535 cum
1340 1477 1435 1535 altera

316 1566 446 1625 25-34
470 1561 500 1619 in
524 1580 616 1620 unam
639 1561 820 1620 sententiam
843 1562 1009 1622 coniunxit.

403 1650 458 1710 His
481 1649 577 1728 igitur
599 1649 867 1726 interpolationum
899 1651 1059 1730 generibus
1090 1651 1265 1727 quicunque
1296 1652 1354 1712 loci
1381 1654 1434 1712 ad·

314 1739 466 1799 numerari
489 1741 625 1814 possunt,
658 1759 759 1799 omnes
792 1742 828 1800 ab
852 1741 917 1816 ipso
943 1744 1151 1817 excerptorum
1182 1745 1303 1802 auctore
1327 1742 1434 1818 depra-

314 1832 401 1889 vatos
425 1847 488 1888 esse
512 1828 569 1888 erit
592 1828 782 1888 credendum.
829 1828 865 1888 In
888 1829 1015 1908 integro
1031 1829 1108 1890 enim
1124 1828 1237 1889 Tibulli
1258 1831 1358 1892 codice
1381 1851 1435 1892 cur

314 1919 395 1978 hunc
427 1918 458 1976 in
482 1918 605 1976 modum
636 1919 802 1978 sententiae
825 1919 1122 1992 transformarentur,
1158 1937 1249 1979 causa
1272 1923 1351 1981 certe
1374 1921 1439 1980 fuit·

313 2009 415 2079 nulla;
450 2027 547 2083 neque
574 2009 736 2067 verborum
759 2008 880 2084 quidem
904 2009 1129 2068 immutationes
1154 2029 1228 2084 ques
1250 2029 1332 2070 mero
1355 2011 1434 2069 vari·

315 2098 385 2156 andi
407 2097 507 2156 studio
527 2096 622 2156 factas
646 2115 707 2156 esse
731 2114 822 2172 supra
846 2097 1033 2166 dictumest,
1058 2097 1171 2156 iamin
1196 2099 1295 2159 codice
1311 2102 1431 2159 vetusto

314 2207 351 2246 ex
374 2205 434 2262 quo
457 2185 638 2263 florilegium
662 2184 812 2248 Gallicum
835 2187 1006 2246 derivatum
1030 2189 1084 2258 est,
1117 2187 1251 2248 extitisse
1274 2188 1429 2247 videntur:

314 2295 384 2335 nam
407 2295 520 2334 morem
551 2275 638 2333 illum
662 2275 834 2351 synonymis
857 2277 906 2335 vel
937 2276 1069 2336 eiusdem
1100 2295 1256 2337 mensurae
1279 2276 1429 2336 vocubulIs

314 2369 473 2441 poetarum
502 2366 595 2424 verba
625 2365 764 2423 mutandi
796 2365 923 2425 saeculis
947 2365 1008 2424 XII
1031 2368 1061 2425 et
1083 2365 1159 2424 XIII
1190 2365 1308 2426 demum
1336 2366 1430 2424 inure-

315 2455 417 2515 buisse
432 2455 560 2524 constat,
578 2454 758 2530 excerptoris
774 2457 877 2514 autem
900 2454 1030 2515 codicem
1053 2454 1113 2513 iam
1128 2455 1172 2514 XI
1195 2457 1302 2516 saltem
1317 2453 1434 2515 saeculo

316 2544 461 2620 scriptum
487 2561 549 2603 esse
572 2543 636 2602 veri
661 2546 705 2603 est
728 2543 925 2603 simillimum.
969 2544 972 2550 '

405 2632 594 2707 Quamquam
628 2651 688 2691 non
722 2632 802 2691 omni
842 2633 1075 2709 interpolatione
1107 2635 1247 2693 vetustus
1282 2633 1327 2691 illi
1359 2632 1435 2692 liber

314 2723 436 2782 videtur
466 2739 581 2780 vacuus
612 2720 714 2780 fuisse.
763 2720 858 2791 Quam
890 2723 967 2782 enim
999 2723 1180 2801 florilegium
1203 2721 1372 2781 Parisinum
1404 2721 1435 2778 in

315 2831 405 2871 versu
429 2810 453 2881 Ι,
484 2816 511 2880 l,
537 2815 578 2874 43
603 2811 727 2886 praebet
751 2811 945 2886 scripturam:

488 2916 587 2975 Parva
611 2935 694 2995 seges
718 2917 791 2976 satis
815 2920 870 2990 est,
894 2937 956 2978 uno
979 2917 1165 2995 requiescere
1187 2917 1274 2988 lecto,

314 3024 387 3084 haec
410 3027 448 3085 ab
472 3026 680 3100 excerptorum
704 3027 827 3083 auctore
850 3026 963 3101 quippe
985 3025 1039 3101 qui
1062 3043 1179 3084 omnem
1202 3023 1326 3084 Veneris
1350 3043 1432 3082 men·

405 3242 431 3311 1)
449 3245 536 3300 Velut
553 3245 588 3310 Π,
608 3244 632 3311 3,
652 3245 701 3300 41:
725 3246 804 3311 ,hinc
824 3247 921 3301 caedes
940 3263 1069 3315 morsque
1092 3246 1251 3316 propinqua
1269 3243 1362 3300 venit“
1384 3259 1434 3313 pro

318 3318 359 3382 ,h.
379 3335 402 3371 c.
421 3334 495 3370 mors
513 3317 680 3386 propiorque
699 3317 742 3372 v“.

405 3414 432 3481 2)
451 3414 537 3469 Velut
555 3415 576 3480 Ι,
595 3414 621 3481 4,
640 3414 675 3468 35
694 3434 748 3484 sq:
772 3416 905 3486 ,Serpens
924 3433 1011 3470 novus
1030 3416 1109 3470 exuit
1127 3433 1228 3480 annos,
1256 3413 1310 3468 Sed
1329 3413 1434 3468 formae

235 3481 238 3489 ’
314 3487 422 3541 nullam
440 3487 501 3540 fata
520 3487 620 3542 dedere
639 3486 771 3552 moram‘,
791 3504 853 3557 pro;
882 3488 1013 3552 „Formae
1034 3504 1091 3540 non
1109 3487 1196 3540 ullam
1216 3483 1283 3540 etc.u
1305 3485 1327 3549 Ι,
1350 3485 1389 3548 10,
1403 3484 1434 3536 5:

318 3559 438 3624 „Forsan
456 3561 485 3612 et
503 3558 552 3612 ille
571 3558 643 3612 nihil
661 3559 763 3613 meruit
782 3575 805 3613 e.
825 3577 850 3626 q.
871 3557 907 3612 s.“
928 3575 979 3627 pro
1001 3559 1060 3622 ,An
1072 3558 1144 3611 nihil
1163 3558 1212 3611 ille
1230 3556 1314 3610 miser
1332 3555 1435 3610 meruit

316 3629 384 3684 etc‘
414 3629 461 3695 IV,
483 3629 506 3695 l,
525 3628 577 3683 46:
600 3630 704 3694 ,Nemo
722 3629 839 3698 magis
859 3627 1065 3699 sederequeat“
1079 3645 1128 3698 pro
1151 3629 1229 3693 ,Nou
1240 3628 1311 3682 alius
1322 3628 1378 3682 sed.
1389 3625 1431 3694 q*

404 3726 431 3794 3)
450 3727 536 3782 Velut
554 3727 576 3791 Ι,
595 3729 620 3793 9,
640 3726 673 3780 28
696 3726 801 3797 ,cogit¹‘
829 3745 880 3796 pro
909 3725 1030 3791 ,iussit“,
1055 3727 1075 3791 Ι,
1097 3724 1138 3784 10,
1158 3725 1193 3779 8:
1220 3724 1356 3790 ,merum“
1384 3741 1434 3794 pro

319 3798 446 3869 ,dapes“,
465 3799 500 3864 ΙΙ,
513 3799 535 3864 1,
549 3797 596 3852 37:
619 3798 709 3864 ,colo¹‘
722 3815 773 3868 pro
786 3797 896 3863 ,cano“‚
907 3798 955 3864 IV,
971 3798 983 3849 1
1000 3798 1049 3851 90:
1072 3796 1209 3862 ,miserit“
1221 3815 1272 3867 pro
1286 3795 1413 3862 ,iecerit“
1427 3817 1433 3858 ;

314 3873 433 3926 fortasse
458 3871 512 3924 huc
537 3888 647 3938 quoque
667 3871 811 3940 pertinent
833 3869 854 3934 Ι,
875 3870 917 3934 10,
941 3869 991 3922 46:
1018 3867 1141 3938 ,panda“
1169 3886 1219 3938 pro
1241 3867 1366 3934 ,curva“,
1386 3867 1434 3931 ΙΙΙ,

316 3943 340 4007 5,
363 3943 410 3996 16:
433 3942 623 4011 ,tacito“p1·o
645 3940 767 4006 ,tardo“‚
786 3941 834 4007 ΙΙΙ,
848 3942 873 4006 6,
891 3940 938 3994 45;
962 3938 1134 4010 ,decipiaut“
1156 3957 1206 4009 pro
1228 3937 1431 4010 ,autcapiaut“

315 4013 374 4079 (cfr.
394 4013 477 4068 Ovidi
495 4030 580 4067 amor.
600 4013 621 4078 I,
642 4012 683 4078 13,
705 4013 745 4066 16.
766 4029 810 4066 ars
829 4030 882 4066 am.
901 4012 936 4077 ΙΙ,
956 4010 1016 4066 670.
1035 4011 1084 4077 ΙΠ,
1103 4010 1175 4079 445).

404 4109 432 4178 4)
451 4111 472 4176 Ι,
494 4109 516 4176 1,
535 4109 578 4164 50.
606 4111 627 4176 Ι,
647 4109 672 4176 5,
691 4109 733 4164 62.
761 4110 796 4170 ΙΙ,
818 4110 840 4175 l,
860 4108 884 4164 8.
910 4109 944 4174 Η,
964 4109 988 4175 3,
1007 4108 1051 4164 43.
1075 4109 1110 4174 ΙΙ,
1129 4110 1155 4175 6,
1175 4109 1224 4174 20;
1250 4110 1374 4178 integros
1392 4124 1435 4161 re·

315 4182 400 4251 liquit
426 4183 499 4236 solos
526 4199 621 4236 versus
646 4182 668 4248 Ι,
689 4182 713 4247 1,
731 4180 766 4234 38
794 4182 823 4235 in
851 4181 1059 4250 polysyllabum
1086 4180 1247 4246 ,fictilibus“
1279 4179 1434 4243 cadentem,

314 4254 336 4319 I,
351 4256 374 4319 1,
387 4253 603 4308 lacessentem
622 4253 653 4307 in
674 4252 808 4322 ,capite¹‘,
827 4253 849 4318 I,
868 4253 893 4316 9,
912 4252 930 4304 4
947 4253 977 4306 in
999 4252 1145 4322 ,pedibus“
1158 4252 1264 4307 exitum
1275 4251 1433 4306 habentem.
