3240 5006
270 1526 361 1585 Extat
383 1526 413 1582 in
438 1524 620 1584 bibliotheca
643 1521 851 1581 universitatis
867 1521 1049 1580 Monacensis
1071 1521 1162 1580 codex
1178 1523 1301 1598 quidam

180 1619 435 1687 membranaceus,
449 1614 562 1672 formae
578 1613 735 1688 oblongae,
752 1611 870 1670 saeculo
890 1613 926 1669 ut
943 1611 1063 1670 videtur
1079 1611 1134 1668 XV
1150 1615 1300 1686 exaratus,

179 1706 233 1781 qui
264 1707 385 1781 praeter
407 1703 558 1778 Propertii
591 1700 781 1759 monobiblon
806 1699 1004 1776 Sapphusquc
1036 1700 1193 1775 epistolam
1224 1722 1301 1778 quae

178 1794 278 1854 Ovidii
294 1793 416 1854 nomine
432 1791 653 1864 circumfertur,
678 1791 810 1849 carmina
826 1809 946 1865 quoque
962 1790 1095 1849 continet
1111 1789 1299 1862 Tibulliana;

178 1888 223 1942 est
238 1885 331 1943 nitide
355 1883 498 1958 scriptus,
523 1880 622 1939 titulis
646 1879 893 1958 argumentisque
917 1878 1105 1956 singulorum
1129 1883 1301 1953 poematum

182 1993 200 2028 a
219 1973 404 2032 rubricatore
428 1972 606 2039 instructus,
631 1969 828 2028 multifariam
853 1972 883 2027 et
905 1967 936 2025 in
959 1967 1024 2042 ipso
1048 1970 1208 2027 verborum
1232 1988 1301 2027 con-

184 2064 269 2120 textu
292 2066 320 2119 et
342 2063 372 2120 in
397 2048 534 2138 margine
558 2059 737 2135 paginarum
761 2058 966 2132 compluribus
984 2058 1122 2116 manibus
1138 2061 1299 2117 correctus,

270 2151 380 2210 Tibulli
417 2150 529 2227 elegiae
564 2167 748 2224 quamquam
782 2147 813 2205 in
848 2147 964 2206 eosdem
999 2146 1115 2206 libellos
1147 2150 1239 2223 atque
1270 2148 1300 2205 in

180 2240 285 2299 ceteris
308 2241 459 2300 codicibus
483 2237 700 2298 recentioribus
724 2236 920 2310 distributae,
945 2239 1046 2294 tamen
1070 2237 1219 2306 continuis
1243 2256 1299 2294 nu-

178 2330 268 2388 meris
285 2330 422 2407 singulae
437 2327 597 2405 insignitae
614 2330 685 2385 sunt
697 2326 741 2383 ita
757 2329 792 2384 ut
804 2329 988 2400 postremum
1001 2326 1160 2384 voluminis
1173 2346 1300 2401 carmen,

181 2419 262 2492 quod
290 2420 386 2494 vulgo
408 2418 462 2491 IV,
490 2423 528 2480 14
558 2416 753 2485 inscribitur,
785 2415 864 2473 hunc
895 2434 966 2489 prae
997 2433 1028 2472 se
1056 2415 1134 2474 ferat
1156 2415 1300 2475 titulum:

183 2506 289 2582 Elegia
303 2506 460 2577 XXXVII,
484 2507 518 2566 de
533 2505 656 2564 infamia
671 2523 743 2564 suae
767 2504 885 2578 puellae
909 2503 1093 2562 tetrasticon.
1132 2504 1205 2562 Post
1221 2507 1301 2579 quod

185 2614 304 2653 carmen
330 2600 483 2656 exaratum
517 2599 561 2654 est
590 2593 805 2669 „Epitaphium
830 2591 929 2652 Ovidii
961 2592 992 2649 in
1016 2592 1204 2663 Tibullum“,
1229 2595 1248 2656 1,
1275 2614 1300 2652 1.

182 2683 309 2742 Domitii
322 2684 414 2743 Marsi
438 2685 629 2762 epigramma,
655 2686 684 2741 et
711 2682 843 2757 „Tibulli
860 2686 964 2758 poetae
988 2682 1085 2752 vita“‚
1109 2683 1218 2740 desunt
1241 2682 1301 2741 duo

180 2773 234 2831 illa
258 2773 385 2848 Priapea
409 2794 486 2849 quae
510 2773 642 2850 Scaliger
666 2792 701 2831 ex
725 2771 836 2830 Cuiacii
860 2772 1028 2849 fragmento
1051 2771 1232 2830 carminibus
1250 2771 1300 2828 Ti-

180 2863 322 2921 bullianis
347 2864 463 2923 adiecit.
512 2862 602 2921 Hunc
635 2861 747 2920 librum
770 2862 976 2921 Monacensem
1008 2881 1076 2920 curn
1105 2880 1190 2920 nemo
1215 2866 1302 2919 antea

180 2952 375 3024 excussisset,
408 2953 546 3028 equidem
570 2952 602 3009 in
625 2953 712 3010 tanta
735 2953 882 3010 bonorum
905 2949 1019 3009 Tibulli
1043 2950 1176 3009 codicum
1200 2950 1301 3025 inopia

179 3041 409 3101 examinandum
433 3041 561 3116 suscepi,
586 3040 637 3099 sed
660 3060 728 3099 mox
752 3040 937 3099 accuratiore
960 3040 1122 3098 lectionum
1145 3058 1299 3115 compara·

179 3130 272 3200 tione,
297 3151 479 3206 quamquam
504 3131 602 3188 multa
625 3129 681 3188 sibi
705 3130 796 3188 habet
819 3128 949 3204 propria,
973 3132 1073 3187 tamen
1097 3129 1127 3186 in
1155 3129 1301 3203 poematis

183 3217 358 3279 Tibullianis
374 3219 570 3279 restituendis
586 3219 705 3277 nullum
722 3221 957 3278 emolumentum
973 3238 1008 3276 ex
1025 3237 1058 3276 eo
1079 3235 1165 3292 posse
1189 3218 1301 3293 sperari

182 3306 322 3382 intellexi,
347 3310 459 3385 quippe
483 3309 535 3385 qui
559 3310 589 3368 et
613 3308 796 3385 gravissimis
820 3307 935 3366 librarii
959 3308 1109 3366 erroribus
1133 3311 1246 3366 scateat
1271 3311 1301 3365 et

178 3397 306 3456 maxime
330 3399 465 3456 omnium
488 3397 643 3456 hominum
667 3398 823 3457 doctorum
846 3397 957 3456 saeculi
981 3396 1037 3454 XV
1060 3396 1234 3455 commentis
1259 3397 1300 3454 sit

178 3485 366 3560 inquinatus¹

269 3573 327 3633 Sed
351 3576 592 3652 quandoquidem
615 3575 646 3633 in
670 3576 745 3634 hano
768 3576 804 3634 de
828 3575 978 3634 codicibus
1002 3573 1180 3632 Tibullianis
1205 3593 1299 3650 quae·

180 3663 306 3723 stionem
336 3665 515 3738 incideram,
548 3685 615 3725 cum
646 3665 879 3724 recentissimam
904 3663 987 3722 Albii
1020 3662 1178 3721 editionem
1210 3663 1299 3738 plane

180 3753 264 3812 novis
297 3755 341 3811 rei
371 3755 493 3814 criticae
524 3753 664 3814 subsidiis
696 3753 860 3813 confectam
890 3753 994 3812 multis
1025 3752 1097 3811 locis
1122 3752 1298 3829 gravissime

177 3861 195 3898 a
210 3841 453 3902 Lachmanniana
468 3844 601 3903 viderem
620 3842 798 3919 discrepare,
821 3843 991 3901 accuratius
1007 3841 1168 3917 utriusque
1191 3841 1299 3898 funda-

176 3934 280 3990 menta
296 3933 465 3991 examinare
482 3937 574 4008 atque
590 3951 762 4008 comparare
777 3932 930 4002 constitui,
955 3933 991 3988 ut
1007 3931 1106 4005 quoad
1123 3927 1186 3989 eius
1202 3932 1298 3990 facere

177 4039 313 4094 possem,
347 4023 436 4081 certis
469 4021 655 4100 argumentis
688 4022 895 4091 diiudicarem,
920 4024 1026 4078 utrum
1049 4022 1128 4078 recte
1152 4020 1298 4078 Aemilius

176 4109 378 4168 Baehrensius
410 4111 444 4170 in
473 4113 601 4171 editione
632 4129 687 4169 sua
710 4111 876 4188 elegiarum
899 4111 935 4168 de
959 4109 1093 4168 codicum
1118 4110 1298 4168 auctoritate

176 4201 345 4269 censuerit,
379 4219 416 4257 an
447 4201 535 4260 hodie
558 4220 678 4275 quoque
709 4201 739 4258 in
764 4200 946 4259 carminibus
969 4198 1082 4257 Tibulli
1105 4198 1298 4258 restituendis

177 4287 278 4346 Caroli
310 4288 495 4348 Lachmanni
531 4291 731 4350 instrumento
765 4291 868 4350 critico
903 4289 959 4348 niti
993 4289 1171 4360 debeamus,
1207 4308 1298 4363 quam

1124 4394 1136 4445 1
