3240 5006
796 512 834 522 ..
884 483 1012 542 53·-

342 654 512 714 mutatione
533 658 654 730 recepta
678 655 914 725 commendavit,
949 656 1001 714 illo
1024 658 1105 716 corte
1129 657 1203 715 vitio
1227 660 1319 717 caret.
1370 656 1470 715 Versu

343 742 423 802 enim
446 743 586 804 vicesimo
610 744 716 819 quinto
740 745 783 804 ita
806 744 954 805 formato:
982 745 1065 819 „Iam
1088 744 1162 802 mibi
1184 746 1243 804 iam
1259 746 1374 820 possim
1400 765 1469 805 con-

342 835 464 891 tentus“
492 853 517 892 e.
542 853 571 908 q.
596 852 640 909 sq.
664 834 743 893 duae
765 833 835 892 illae
858 834 1024 893 sententiae
1056 852 1133 909 quae
1162 835 1298 894 versibus
1325 841 1344 898 5
1371 837 1403 894 et
1428 841 1468 899 26

344 921 554 981 continentur:
583 922 650 996 „Me
673 942 739 982 mea
762 927 924 998 paupertas
949 923 1013 982 vita
1032 922 1174 982 traducat
1189 925 1298 983 inerti“
1327 927 1359 982 et
1388 923 1469 999 „Neo

343 1011 452 1085 possim
475 1011 582 1090 longae
605 1012 724 1071 deditus
749 1029 810 1070 esse
835 1013 933 1083 viae“‚
959 1031 1033 1088 quas
1064 1013 1214 1086 particula
1241 1013 1334 1087 „dum
1359 1014 1466 1073 mod0“

343 1099 423 1158 inter
454 1117 485 1159 se
518 1120 577 1160 non
601 1119 685 1178 posse
716 1101 830 1160 conecti
861 1120 952 1176 supra
983 1101 1119 1160 docuisse
1143 1102 1215 1160 mibi
1240 1102 1364 1174 videor,
1389 1105 1469 1162 recte

343 1188 561 1266 disiunguntur
592 1189 636 1249 ita
669 1192 706 1248 ut
738 1190 832 1248 altero
863 1190 991 1250 disticho
1025 1190 1103 1249 idem
1135 1191 1216 1266 quod
1246 1191 1348 1266 priore
1379 1197 1467 1267 poeta

344 1278 570 1349 enuntiaverat,
604 1278 703 1340 verbis
734 1279 861 1338 mutatis
892 1283 997 1338 votum
1029 1281 1196 1354 repetatur.
1248 1278 1357 1355 Neque
1390 1300 1467 1356 quae

343 1365 541 1426 Baehrensius
571 1367 641 1428 huio
673 1369 860 1429 coniecturae
891 1368 1000 1428 obiecit
1022 1369 1125 1446 magni
1147 1368 1283 1428 facienda
1306 1369 1464 1440 videntur;

343 1455 495 1514 contendit
519 1457 597 1516 enim
620 1457 667 1516 vir
690 1457 746 1516 iste
769 1459 876 1517 doctus
899 1477 936 1516 ne
959 1458 1002 1517 sic
1025 1458 1147 1533 quidem
1178 1458 1209 1516 id
1233 1459 1314 1534 quod
1339 1458 1465 1517 Mueller

343 1544 373 1602 in
398 1544 634 1622 Frisingensium
662 1547 812 1622 scriptura
845 1547 1017 1616 offenderit,
1051 1565 1113 1605 esse
1145 1547 1320 1618 sublatum,
1355 1548 1464 1607 scilicet

343 1634 423 1710 quod
446 1633 585 1694 Tibullus
609 1637 645 1694 ut
668 1636 723 1696 sibi
748 1636 851 1696 liceret
874 1639 1050 1695 contentum
1072 1635 1174 1694 vivere
1197 1655 1306 1710 parvo,
1332 1636 1363 1694 in
1387 1637 1463 1696 votis

343 1723 452 1782 babere
475 1742 533 1782 non
557 1725 724 1799 potuisset,
756 1725 899 1802 quoniam
921 1729 958 1784 nt
980 1725 1036 1783 boc
1060 1725 1086 1782 ei
1110 1724 1312 1801 contingeret,
1339 1745 1397 1784 non
1419 1726 1461 1784 al-

342 1812 438 1871 terius
461 1813 671 1874 benevolentia
694 1817 881 1890 potestasve,
914 1815 965 1872 sed
988 1813 1063 1871 nihil
1086 1815 1143 1872 nisi
1166 1813 1262 1888 ipsius
1286 1817 1393 1888 poetae
1415 1835 1459 1872 ar·

341 1901 469 1960 bitrium
492 1905 584 1979 atque
608 1909 689 1962 certa
713 1904 854 1963 voluntas
878 1902 1093 1978 opusfuisset.
1140 1901 1198 1962 Sed
1222 1904 1293 1962 haec
1316 1905 1459 1962 sententia

343 2009 360 2049 a
383 1989 563 2049 Baehrensio
587 1991 651 2067 ipso
675 1992 833 2066 refellitur,
859 2012 928 2052 cum
950 2010 1035 2050 suam
1059 2011 1163 2050 versus
1179 1991 1407 2064 restitutionem,
1426 1993 1455 2050 in

343 2098 434 2154 quam
459 2080 561 2138 eadem
582 2080 636 2138 illa
660 2081 807 2156 quadrare
830 2081 936 2157 liquet,
959 2086 1039 2139 recte
1063 2081 1119 2140 hac
1141 2080 1385 2155 interpretatione
1406 2082 1452 2140 de-

343 2167 461 2226 fendat:
495 2169 566 2226 dum
598 2170 685 2227 modo
714 2189 767 2244 per
790 2172 1000 2244 paupertatem
1024 2187 1128 2228 securo
1153 2169 1254 2229 vivere
1275 2171 1345 2227 mibi
1365 2170 1449 2236 118881

344 2253 491 2336 („wofern
515 2275 573 2316 nur
595 2258 691 2318 meina
714 2259 835 2317 armuth
859 2258 916 2318 frei
939 2259 979 2317 ist
1002 2277 1061 2316 von
1085 2259 1267 2338 sorgen“)¹).

433 2360 530 2432 Quam
553 2365 655 2425 obrem
678 2365 816 2424 Muelleri
839 2384 943 2424 vorsus
967 2365 1204 2424 emendationem
1232 2379 1380 2440 possumus
1401 2379 1444 2419 ac·

343 2450 449 2527 cipere,
475 2452 531 2512 nisi
556 2453 621 2514 aliis
644 2455 857 2531 prohibeamur
878 2454 1057 2514 rationibus.

432 2540 489 2600 Sed
513 2542 573 2601 iam
604 2543 657 2602 bos
688 2562 793 2604 versus
823 2544 927 2604 missos
957 2543 1103 2602 faciamus
1135 2545 1166 2602 et
1188 2562 1263 2600 num
1285 2541 1315 2599 in
1339 2537 1454 2613 reliquis

341 2630 481 2689 carminis
504 2631 653 2691 iuncturis
678 2633 731 2692 bao
755 2633 952 2692 distichorum
975 2632 1151 2692 traiectione
1167 2633 1286 2706 recepta
1303 2645 1457 2690 concursus

342 2721 503 2778 verborum
527 2721 601 2780 levis
626 2726 717 2798 atque
741 2721 892 2781 dilucidus
916 2722 1033 2792 evadat,
1059 2739 1248 2796 quaeramus.

431 2825 536 2886 Altera
569 2827 680 2906 elegiae
712 2827 905 2887 commissura
937 2828 1019 2886 extat
1050 2830 1119 2885 ante
1149 2845 1271 2886 versum
1302 2825 1460 2901 septimum

342 2915 531 2989 apertissima
553 2919 583 2975 et
606 2916 793 2993 pravissima.
841 2914 920 2986 Quid
951 2917 1028 2974 enim
1061 2916 1118 2975 sibi
1149 2917 1256 2975 volunt
1288 2933 1394 2974 vorsus
1417 2912 1460 2970 illi

341 3004 486 3152 qqpqimus
519 3007 548 3064 et
571 3009 695 3065 octavus
720 3007 831 3083 quibus
855 3008 944 3081 poeta
966 3005 1115 3064 rusticum
1147 3024 1210 3064 sese
1232 3005 1373 3063 futurum
1396 3020 1461 3079 pro-

378 3113 393 3152 e
409 3113 464 3152 ur:

502 3211 570 3287 Ipsa
594 3230 688 3272 seram
712 3213 831 3270 teneras
854 3221 975 3269 maturo
998 3213 1132 3286 tempore
1155 3210 1232 3269 vites

503 3301 700 3360 Rusticus
725 3303 755 3358 et
778 3298 859 3358 facili
883 3300 1008 3376 grandia
1031 3319 1120 3375 poma
1142 3318 1244 3373 manu,

343 3413 416 3490 quid
438 3415 470 3473 hi
493 3415 549 3476 sibi
572 3417 690 3485 volunt,
714 3415 857 3490 inquam,
891 3415 916 3473 si
947 3415 1008 3473 iam
1039 3434 1092 3490 per
1123 3417 1190 3473 octo
1215 3432 1320 3473 vorsus
1344 3416 1463 3473 antece-

342 3504 444 3563 dentes
467 3505 573 3565 rustici
604 3523 694 3580 opera
726 3507 819 3579 atque
842 3504 957 3564 labores
981 3523 1044 3564 sese
1074 3503 1250 3563 subiturum
1272 3503 1389 3562 dixerat
1413 3502 1464 3559 'Pi-

343 3593 469 3652 bullus?
505 3593 628 3654 Hocine
642 3596 792 3670 postremo
816 3593 880 3652 loco
904 3596 1024 3668 poetam
1039 3592 1173 3669 posuisse
1196 3593 1389 3668 arbitremur,
1414 3593 1462 3649 in·

434 3823 460 3892 1)
479 3825 557 3890 Quod
576 3824 738 3879 Protzenius
760 3824 837 3894 pg.9
857 3825 947 3879 libelli
966 3825 1009 3878 sui
1027 3824 1155 3879 Muelleri
1174 3823 1399 3878 emendationem
1419 3824 1466 3877 Ti-

342 3896 462 3951 bulliani
481 3897 614 3951 sermonis
639 3895 817 3965 simplicitati
842 3913 898 3950 non
923 3897 992 3950 satis
1017 3899 1114 3965 aptam
1139 3913 1198 3948 esse
1222 3894 1307 3959 dicit,
1331 3895 1464 3962 quoniam

343 3969 454 4024 dativus
472 3968 521 4023 ille
541 3968 648 4023 ethicus
667 3967 716 4034 qui
735 3970 777 4020 est
799 3967 909 4030 „mihi“‚
928 3968 1011 4020 nimis
1031 3967 1185 4034 exquisitus
1205 3969 1291 4031 esset,
1311 3967 1362 4020 hoc
1381 3966 1467 4020 nihili

344 4043 394 4094 881.
432 4040 524 4108 Atque
551 4040 585 4094 de
612 4038 736 4093 eiusdem
760 4039 813 4092 viri
836 4039 912 4093 docti
931 4038 1061 4108 opinione
1083 4055 1184 4108 „parvo
1203 4040 1367 4092 contentum
1386 4038 1462 4092 aas&

343 4111 418 4166 idem
442 4111 536 4166 valere
562 4109 700 4165 censentis
726 4112 811 4176 atque
840 4109 885 4175 „in
904 4109 961 4164 otio
985 4110 1083 4180 opibus
1107 4108 1163 4162 frui
1181 4107 1312 4163 modicis“
1334 4126 1370 4162 ne
1389 4109 1466 4179 cogi-

344 4183 461 4237 tandum
488 4182 616 4251 quidem3
644 4198 788 4248 nunquam
816 4181 891 4234 enirn
919 4181 1086 4236 vocabulum
1112 4179 1288 4244 π8811188188κ
1318 4182 1416 4236 eadem
1435 4181 1466 4235 vi

345 4273 400 4323 qua
418 4272 472 4309 vox
495 4257 591 4308 nostra
612 4251 776 4317 „aufrieden
795 4251 968 4322 ungestdrt“‚
997 4252 1072 4322 apud
1098 4252 1287 4304 Romanorum
1315 4253 1464 4323 scriptores

343 4326 486 4384 invenitur
503 4325 670 4392 adhibitum,
689 4323 737 4377 sed
757 4340 820 4378 eum
838 4325 928 4378 solum
947 4323 1088 4394 significat
1104 4323 1153 4392 qui
1166 4322 1274 4391 aliquid
1286 4324 1356 4378 satis
1369 4324 1464 4378 habet.
