3240 5006
630 338 848 397 ..49-

185 511 244 583 ΙΠ,
270 516 300 583 6,
315 516 374 574 44:
399 529 504 570 cavere
527 509 596 570 Par.
622 511 698 572 Fris.
723 510 747 570 F
773 545 811 556 -
838 531 937 572 carere
961 509 996 570 Ο.

189 627 244 701 IV,
274 632 301 700 1,
316 631 376 690 39:
401 627 545 687 castrisue
568 626 636 686 Par.
664 661 704 672 -
729 627 857 687 cartisve
881 625 916 686 Ο.

273 721 436 791 l,878q.:
461 714 586 781 Ut...
612 715 739 775 utPar.
767 751 804 760 -
830 715 980 779 Ft....
1006 719 1035 776 et
1060 713 1094 774 O.

272 812 298 879 l,
314 810 374 868 96:
399 804 510 864 Veniat
534 805 643 883 gravis
667 805 735 864 Par.
761 805 785 862 F
811 839 850 848 -
876 805 997 884 grandis
1022 805 1105 866 venit
1128 802 1163 863 Ο.

272 901 299 969 l,
315 898 374 958 98:
400 895 522 953 veniant
545 894 614 953 Par.
643 930 676 937 —
705 894 827 954 venient
850 895 884 954 Ο.

272 988 395 1056 1,]021
419 986 456 1042 ut
479 983 547 1041 Par.
572 984 596 1041 F
623 1020 662 1030 -
686 984 717 1042 in
741 981 776 1042 Ο.
813 1044 814 1048 ,

272 1077 398 1140 1‚104:
423 1071 535 1132 Dexter
557 1073 605 1131 uti
628 1071 696 1131 Par.
721 1073 745 1130 F
775 1109 806 1116 -
836 1072 1027 1149 Dexteraque
1049 1075 1086 1133 ut
1110 1071 1177 1149 O.¹)

268 1242 334 1301 Hae
366 1242 507 1302 lectiones
536 1243 667 1318 optimae
699 1243 780 1302 unde
812 1242 962 1318 profectae
995 1243 1069 1314 sint,
1105 1262 1186 1302 nuuc
1216 1242 1301 1302 nobis

180 1332 384 1409 quaerendum
409 1333 462 1390 est.
511 1331 737 1391 Consensienem
760 1332 861 1405 illam,
887 1353 978 1408 quam
1002 1332 1206 1408 compluribus
1230 1332 1302 1392 locis

181 1441 271 1498 supra
303 1421 405 1480 allatis
434 1421 508 1497 (ΠΙ,
531 1426 559 1494 6,
585 1426 637 1484 44.
669 1420 723 1490 IV,
752 1427 779 1491 1,
806 1425 856 1485 96.
887 1426 957 1485 102.
986 1424 1061 1497 104)
1095 1421 1124 1479 in
1156 1421 1302 1496 excerptis

182 1531 246 1571 oum
271 1510 442 1588 fragmento
466 1509 627 1570 Guiaciano
651 1510 914 1585 deprehendimus,
947 1529 1008 1586 qua
1039 1513 1143 1569 contra
1167 1510 1300 1570 codicum
1364 1510 1368 1520 '

179 1601 368 1677 integrorum
399 1599 604 1658 testimonium
637 1599 804 1676 singulares
836 1599 1001 1674 scripturas
1034 1618 1144 1675 easque
1176 1617 1234 1658 non
1258 1600 1302 1658 ita

179 1690 317 1765 paullum
349 1709 367 1747 a
398 1688 504 1747 ceteris
536 1689 735 1763 discrepantes
767 1688 847 1746 trudi
883 1688 1038 1761 videmus,
1072 1688 1150 1748 forte
1179 1688 1302 1746 fortuna

179 1778 326 1856 ingeniosi
358 1777 487 1836 hominis
518 1777 696 1836 coniecturis
729 1777 865 1836 effectam
897 1795 976 1850 esse,
1009 1777 1088 1837 credi
1117 1777 1168 1837 vir
1192 1780 1300 1852 potest.

182 1867 377 1942 Reliquarum
402 1866 479 1924 enim
502 1866 749 1926 immutationum
764 1866 843 1924 ratio
858 1868 895 1925 ab
913 1868 1084 1942 excerptore
1100 1865 1302 1942 prosectarum

184 1956 270 2032 longe
301 1958 337 2015 ab
369 1953 416 2013 his
449 1955 507 2026 IV,
535 1961 567 2028 1,
594 1960 634 2020 96
666 1958 696 2014 11
731 1960 792 2018 104
823 1955 981 2030 discrepat.
1041 1955 1171 2014 Videtur
1204 1955 1303 2034 igitur

185 2044 209 2102 is
241 2045 290 2118 qui
324 2045 442 2122 eclogas
482 2044 603 2120 gallicas
642 2044 769 2107 confecit
802 2044 865 2104 sive
895 2044 965 2103 libri
996 2044 1152 2120 archetypi
1187 2063 1301 2104 correc-

185 2136 231 2192 tor
266 2133 374 2209 passim
411 2133 541 2192 codicem
583 2132 795 2208 Ouiucianum‚
836 2134 963 2193 fortasse
1003 2154 1036 2194 eo
1069 2137 1203 2209 tempore
1241 2153 1301 2209 quo

181 2222 311 2281 nondum
343 2226 408 2283 erat
440 2223 656 2294 detruncatus,
690 2224 851 2299 inspexisse
882 2227 973 2298 atque
1007 2224 1044 2283 ad
1077 2227 1216 2299 excerpta
1247 2243 1302 2282 sua

179 2312 361 2371 emendanda
396 2311 575 2372 adhibuisse.
634 2311 720 2371 (11111
764 2313 885 2387 quidem
918 2312 1041 2388 aliquod
1074 2313 1302 2372 necessitudinis

181 2419 275 2476 genus
306 2401 385 2459 inter
414 2400 596 2477 florilegium
619 2400 789 2458 Parisinum
823 2402 852 2459 et
875 2399 1080 2477 fragmentum
1108 2401 1185 2459 illud
1208 2401 1302 2461 inter-

181 2488 270 2546 cedit.
310 2486 376 2556 Qua
398 2490 433 2548 de
456 2507 545 2550 causa
561 2489 659 2549 nescio
683 2509 720 2547 an
744 2489 834 2548 etiam
859 2491 1026 2549 ceterarum
1048 2491 1196 2549 bonarum
1220 2491 1303 2549 flori·

181 2577 254 2652 legii
277 2576 437 2636 lectionum
459 2579 570 2654 partim
595 2599 630 2638 ex
652 2578 706 2637 hac
730 2579 903 2637 membrana
919 2579 1033 2654 optima
1048 2579 1199 2654 profectae
1222 2580 1301 2650 sint3

183 2666 232 2724 sed
257 2666 331 2724 certi
353 2667 388 2726 de
411 2668 464 2726 hac
489 2689 519 2727 re
543 2668 619 2726 nihil
647 2669 746 2744 potest
770 2668 843 2726 erui.
891 2666 1127 2744 Aequiescamus
1150 2668 1247 2746 igitur
1270 2670 1302 2726 in

180 2755 226 2814 his
261 2755 416 2831 scripturis
446 2756 651 2816 Parisinorum
682 2757 769 2833 quasi
799 2757 829 2815 in
859 2758 945 2817 bonis
978 2758 1112 2818 virorum
1145 2757 1302 2817 doctorum

179 2845 366 2910 coniecturis,

268 2969 416 3040 Quoniam
438 2968 600 3044 utriusque
623 2968 753 3028 familiae
776 2969 957 3045 progeniem,
983 2972 1014 3028 ot
1037 2971 1150 3031 codices
1172 2971 1301 3032 Ambro-

179 3058 298 3114 sianum
313 3057 555 3133 Vaticanumque
572 3061 602 3117 et
617 3057 798 3133 florilegium
814 3058 958 3134 gallicum
974 3058 1146 3135 librumque
1163 3059 1301 3120 Guelfer-

181 3145 331 3217 bytanum
354 3144 617 3219 perlustravimus,
643 3147 697 3205 hoe
721 3147 903 3206 constituere
927 3167 1077 3219 conemur,
1103 3169 1163 3224 qua
1186 3151 1301 3210 ratione

183 3231 228 3289 his
251 3231 295 3289 111
327 3230 450 3290 criticae
473 3234 610 3294 subsidiis
641 3234 673 3293 in
696 3235 808 3294 Tibulli
840 3236 1046 3296 emendatione
1077 3239 1227 3297 utendum
1249 3239 1299 3298 sit.

182 3319 301 3379 Ceteros
334 3319 412 3380 enim
446 3321 558 3381 codices
592 3324 724 3402 integros
754 3325 784 3384 111
811 3325 879 3384 crisi
912 3325 1079 3385 factitando
1101 3328 1300 3405 neglegendos

180 3426 243 3467 esse
265 3409 402 3469 docuisse
425 3410 499 3468 mihi
522 3411 634 3476 videor.

233 3744 238 3755 .
270 3673 295 3739 1)
314 3675 385 3731 Vide
404 3683 526 3746 quantus
545 3680 697 3734 lectionum
715 3699 845 3736 numerus
864 3681 1035 3736 Rothsteinii
1054 3682 1088 3735 de
1107 3682 1208 3736 codicis
1228 3683 1252 3738 G
1271 3687 1300 3738 et

180 3743 309 3814 flonlegii
332 3751 537 3805 necessitudine
563 3752 733 3818 sententiae,
762 3771 847 3821 quam
870 3771 990 3824 suprap
1013 3795 1018 3806 .
1039 3751 1088 3817 46,
1117 3753 1180 3807 adn.
1209 3754 1221 3806 1
1243 3773 1299 3810 me-

178 3817 360 3899 merainimus,
386 3826 526 3891 repugnet
549 3840 716 3891 prorsusque
741 3841 803 3878 eam
822 3824 949 3892 repellat.
987 3772 1040 3889 dui
1064 3823 1139 3878 enirn
1158 3842 1191 3879 ex
1210 3843 1299 3880 exem-

177 3888 252 3957 plan
278 3889 341 3954 1110,
376 3892 451 3958 quod
484 3893 676 3946 R-othsteinius
706 3911 720 3948 1
747 3894 881 3949 Parisinis
914 3898 1068 3949 correctum
1094 3895 1179 3950 fuisse
1208 3898 1298 3967 fingit,

177 3957 307 4012 librarius
326 3962 477 4032 scripturas
496 3965 547 4017 has
565 3965 730 4034 perpaulum
750 3984 767 4019 a
786 3965 925 4020 codicibus
945 3966 996 4019 AV
1015 3966 1205 4036 discrepantes
1223 3969 1298 4024 ideo-

177 4047 239 4098 que,
259 4034 291 4085 ut
309 4032 488 4088 Rothsteinio
512 4035 637 4099 videtur,
657 4035 731 4090 inter
755 4037 843 4091 lineas
870 4038 914 4091 vel
934 4038 963 4091 in
989 4038 1049 4107 ipso
1068 4041 1148 4092 textu
1167 4044 1297 4096 exaratas

176 4118 271 4156 ornnes
290 4104 383 4172 potuit
406 4122 463 4157 non
481 4106 617 4175 recipere,
638 4124 702 4160 curn
720 4108 853 4163 lectiones
876 4107 1005 4175 „imbre“‚
1026 4110 1102 4175 „Nec
1123 4111 1298 4179 quisquam“‚

176 4172 246 4227 alias
266 4173 296 4226 in
314 4174 442 4244 margine
462 4177 597 4248 ascriptas
617 4182 769 4233 assumeret
777 4181 790 4232 ‘f

1121 4269 1138 4321 4
