3240 5006
520 1183 668 1268 eneur'
690 1201 908 1268 Trarion.

201 1349 223 1404 Ι.
243 1347 285 1400 lte
305 1344 415 1400 codicis
435 1342 659 1412 Guelferbytanl
675 1340 702 1398 '6
720 1343 750 1398 et
768 1341 907 1410 dorilegll
924 1342 1027 1409 gallici
1046 1341 1225 1410 cognatione.

243 1473 367 1532 Carolus
398 1471 608 1533 Lachmannus
647 1472 678 1529 in
709 1471 848 1532 editionis
882 1491 955 1530 suae
988 1471 1101 1548 proleg.
1139 1490 1189 1548 pg.
1215 1471 1275 1530 VII

153 1565 343 1635 disseruerat,
368 1581 462 1620 unum
481 1561 671 1620 Franciscum
687 1560 875 1639 Puccium¹),
900 1561 954 1636 qui
978 1581 1004 1619 a.
1025 1565 1108 1625 1502
1125 1561 1275 1636 exemplar

152 1652 290 1714 editionis
308 1651 463 1729 Regiensis
480 1650 660 1721 emendavit,
682 1649 759 1710 libre
776 1669 867 1725 quam
883 1649 974 1710 ceteri
990 1652 1088 1708 essent
1104 1649 1274 1726 antiquiore

150 1762 242 1802 usum
266 1741 372 1814 videri,
397 1740 501 1815 itaque
517 1739 737 1798 emendationes
760 1739 864 1799 Puccii
887 1739 1018 1814 potiores
1042 1742 1228 1813 excerpserat
1244 1741 1275 1798 et

152 1833 306 1906 excerptas
328 1829 440 1888 notaP
463 1830 493 1886 in
518 1830 697 1904 apparatum
720 1827 859 1888 criticum
881 1830 1043 1903 receperat.
1083 1827 1164 1887 Huic
1179 1827 1274 1887 Lach-

153 1920 255 1978 mauni
284 1919 449 1978 sententiae
479 1918 630 1978 Lucienus
660 1917 789 1977 Mueller
820 1917 960 1977 inmerito
995 1936 1046 1994 pg.
1071 1915 1114 1974 XI
1137 1917 1275 1976 editionis

155 2028 227 2068 suae
250 2027 415 2086 repugnare
446 2010 570 2067 conatus
603 2008 666 2078 est,
695 2025 764 2066 cum
792 2006 938 2082 quidquid
968 2006 1131 2066 lectionum
1161 2024 1197 2065 ex
1219 2024 1274 2065 suo

156 2097 254 2158 codice
278 2097 395 2156 afferret
418 2096 557 2167 Paccius,
582 2096 613 2154 id
636 2098 690 2155 aut
713 2095 931 2170 interpolatum
954 2097 991 2154 ab
1007 2095 1084 2155 Italo
1099 2094 1197 2155 nescio
1214 2113 1274 2171 quo

156 2187 266 2248 saeculi
289 2186 343 2244 XV
374 2189 429 2245 aut
459 2188 616 2262 sumptum
646 2185 682 2244 de
706 2185 851 2260 excerptis
879 2185 992 2244 talibus
1024 2184 1126 2260 qualia
1149 2183 1275 2244 fuerunt

155 2276 304 2336 Vincentii
340 2278 371 2335 et
405 2274 548 2353 scaligeri
583 2275 784 2337 contenderet.
843 2271 885 2332 At
923 2277 1003 2334 certe
1040 2273 1128 2332 illum
1161 2273 1282 2333 librum

152 2366 338 2427 Puccianum
349 2365 493 2442 indagare
506 2363 634 2440 contigit
649 2362 839 2433 Baehrensio,
857 2360 1131 2439 Guelferbytanum
1146 2362 1277 2422 codicem

156 2475 244 2531 quem
271 2456 331 2513 iam
355 2453 492 2530 Heynius
524 2471 707 2528 quamquam
735 2451 831 2526 pretio
863 2451 927 2510 eius
959 2451 1080 2511 minime
1109 2455 1274 2527 perspecto,

156 2544 187 2602 in
210 2545 343 2605 codicum
368 2543 554 2603 enarratione
578 2541 708 2600 alterum
738 2541 946 2599 nominaverat
969 2541 1188 2616 nonnullasque
1212 2540 1276 2600 eius

156 2635 295 2694 lectiones
328 2633 358 2691 in
399 2631 644 2692 adnotationibus
677 2629 815 2690 editionis
850 2648 921 2689 suae
956 2633 1082 2705 quartae
1118 2630 1273 2689 attulerat.

157 2723 316 2784 Contendit
331 2722 427 2800 igitur
442 2719 642 2780 Baehrensius
658 2719 787 2780 codicem
804 2718 829 2778 G
846 2739 863 2776 a
886 2718 995 2779 Puccic
1019 2738 1082 2779 esse
1105 2718 1276 2778 adhibitum

155 2833 188 2872 eo
212 2817 347 2887 tempore
378 2830 437 2886 quc
470 2811 520 2868 ille
548 2810 608 2868 iam
636 2809 760 2868 alterius
784 2827 891 2866 manus
914 2811 1100 2868 correcturas
1128 2810 1158 2868 et
1182 2809 1276 2867 inter-

154 2903 330 2977 polationes,
368 2901 495 2959 fortasse
528 2902 565 2958 ut
600 2918 636 2957 ex
670 2897 860 2957 adnotatione
892 2898 1050 2976 marginali
1085 2897 1122 2955 ad
1156 2916 1276 2958 versum

155 2991 180 3064 Ι,
207 2997 236 3064 7,
265 2995 303 3055 18
328 2992 359 3049 et
383 2995 417 3062 8,
446 2994 489 3053 61
525 2987 654 3063 „Ponte
684 2987 855 3062 subscripta
887 2988 982 3047 conici
1010 2990 1124 3062 potest,
1160 2986 1276 3046 loviani

156 3079 287 3137 Pontani
309 3079 413 3152 ipsius,
438 3081 502 3137 erat
526 3081 677 3152 expertus,
714 3074 797 3145 Quae
811 3094 858 3134 res
877 3077 924 3135 vel
940 3074 1091 3136 levissima
1114 3076 1277 3138 lectionum

159 3165 378 3240 comparatione
409 3167 573 3238 evincitur3
603 3166 670 3226 vide
692 3166 796 3224 modo:
830 3164 855 3237 I,
884 3171 911 3236 l,
937 3171 973 3229 5:
999 3165 1063 3224 vita
1087 3164 1156 3224 Pe.
1185 3171 1212 3233 l,
1239 3169 1275 3228 6:

160 3255 268 3332 exiguo
291 3254 383 3330 Pg.²)
408 3260 437 3327 2,
462 3260 521 3320 87:
545 3274 703 3331 prorepere
727 3253 799 3315 PG.
825 3259 854 3327 5,
873 3259 909 3318 6:
935 3274 987 3330 per
1010 3256 1041 3313 te
1063 3253 1135 3313 PG.
1162 3259 1190 3327 5,
1217 3259 1275 3318 33:

160 3344 321 3419 „assecula
337 3344 382 3403 ita
397 3344 471 3423 legit
491 3344 655 3416 Pantanus,
672 3345 692 3402 i.
710 3343 837 3402 ancilla“
857 3342 890 3414 P,
919 3344 1079 3418 „assecula
1097 3343 1117 3402 i.
1147 3343 1273 3401 ancilla“

156 3455 186 3511 g.
212 3439 242 3505 6,
268 3439 327 3497 70:
360 3433 474 3494 Possim
497 3432 568 3495 PG.
594 3439 623 3507 6,
650 3437 709 3497 72:
734 3450 843 3508 pronas
866 3431 928 3510 Pg.
963 3431 1182 3492 Gravissimum
1206 3450 1276 3492 vero

156 3523 248 3581 huius
264 3524 428 3584 sententiae
444 3525 658 3600 argumentum
680 3522 755 3581 mihi
778 3521 922 3581 videntur
944 3521 1046 3581 Puccii
1070 3521 1277 3581 adnotationes

159 3612 196 3670 ad
218 3611 243 3682 Ι,
272 3618 327 3676 10:
364 3612 456 3687 „Quis
479 3612 551 3672 fuit.
576 3612 630 3671 hoc
655 3614 700 3670 est
731 3610 911 3686 principium
934 3611 1057 3671 secundi
1080 3610 1150 3670 libri
1174 3610 1204 3668 in
1228 3630 1276 3670 co-

158 3700 274 3760 dicibus
296 3702 525 3773 vetustioribus,
550 3703 580 3760 et
604 3704 648 3761 est
671 3701 708 3760 de
728 3719 828 3759 amore
843 3699 987 3760 Nemesis.
1027 3699 1132 3778 Elegia
1148 3700 1275 3775 prima“‚

158 3791 188 3848 et
218 3789 249 3847 in
282 3789 339 3850 fine
369 3790 440 3851 libri
468 3790 566 3850 tertii:
604 3789 665 3865 „hii
696 3807 801 3850 versus
831 3808 890 3848 non
914 3791 1059 3868 leguntur
1081 3789 1137 3848 hoc
1160 3789 1223 3848 loco
1246 3790 1277 3848 in

247 4019 274 4086 1)
292 4021 367 4074 Nam
393 4020 427 4074 de
446 3987 554 4076 Joarine
579 4020 697 4075 Joviano
723 4020 865 4084 Pontano‚
891 4037 976 4087 quam
994 4019 1153 4074 Huschkius
1172 4039 1219 4091 pg.
1238 4020 1278 4073 XI

156 4092 243 4163 praef.
264 4092 395 4147 editionis
414 4109 480 4147 suae
500 4093 623 4148 codicem
641 4092 752 4146 finxisse
771 4092 961 4157 contenderat,
980 4091 1052 4144 nihil
1062 4091 1132 4146 certi
1151 4094 1277 4148 constare

157 4165 198 4218 ait
217 4163 260 4218 vir
279 4163 463 4218 doctissimus.

247 4261 274 4327 2)
293 4261 353 4315 Hae
371 4265 440 4316 nota
458 4261 577 4317 alteram
596 4261 698 4316 codicis
717 4261 741 4317 (i
760 4279 874 4315 manum
891 4261 1063 4332 significabo.
1233 4271 1250 4312 ο
