3240 5006
540 1150 689 1214 ΟΑΡυΤ
712 1150 934 1216 scissum.

234 1297 280 1371 De
309 1295 478 1374 codicibus
504 1293 785 1370 Lachmannianis
813 1306 848 1370 et
876 1293 1130 1370 Baehrensianis
1158 1294 1240 1373 AV.

263 1495 307 1554 De
339 1493 556 1554 recentioribus
589 1492 741 1552 codicibus
772 1492 825 1568 qui
857 1513 874 1552 a
905 1491 1009 1552 Oarolo
1040 1491 1231 1552 Lachmanno
1263 1497 1293 1553 et

174 1584 303 1644 Aemilio
326 1583 507 1642 Baehrensie
537 1582 568 1640 in
598 1584 779 1656 apparatum
812 1581 950 1642 criticum
981 1582 1128 1657 assumpti
1151 1587 1232 1654 sunt,
1257 1587 1294 1643 ut

76 1734 77 1737 ,
172 1676 254 1734 recte
277 1673 411 1734 iudicare
434 1671 592 1748 possimus,
616 1670 747 1746 primum
771 1689 867 1745 pauca
890 1671 926 1730 de
949 1671 1087 1730 codicum
1108 1674 1206 1730 aetate
1222 1675 1294 1731 sunt

173 1763 338 1834 monenda3
375 1761 479 1820 deinde
514 1778 710 1836 quaeremuS,
743 1763 849 1818 utrum
880 1778 979 1819 omnes
1010 1779 1045 1819 ex
1076 1760 1179 1818 eodem
1209 1759 1293 1821 fonte

173 1851 363 1910 manaverint
395 1871 431 1908 an
461 1851 492 1909 id
525 1850 605 1926 quod
639 1849 671 1907 in
705 1869 738 1908 re
772 1848 877 1909 critica
909 1848 1075 1908 factitanda
1107 1848 1216 1908 summi
1248 1854 1293 1910 est

175 1940 282 2016 pretii,
315 1941 416 2016 plures
440 1957 516 2016 quas
547 1939 652 1998 dicunt
683 1937 845 1998 habeamus
866 1933 1004 2004 'codicum
1034 1937 1182 2009 familiaa3
1215 1959 1293 2014 quae

176 2029 312 2104 quaestio
342 2029 386 2088 ita
409 2030 521 2106 optime
551 2027 625 2086 mihi
657 2027 779 2086 videtur
809 2027 948 2098 institui,
978 2030 1015 2086 ut
1038 2047 1055 2085 a
1078 2028 1292 2088 vetustissimis

174 2119 373 2179 recentiorum
407 2118 534 2194 ideoque
565 2117 688 2175 minime
717 2116 906 2193 interpolatis
930 2116 1127 2176 Ambrosiano
1151 2121 1181 2177 et
1206 2117 1291 2178 Vati·

173 2227 245 2267 cano
275 2207 436 2268 Baehrensi
468 2207 701 2283 proficiscentes,
731 2226 791 2282 quo
827 2206 1012 2284 cognationis
1043 2205 1164 2266 vinculo
1194 2207 1290 2281 Laph-

171 2297 272 2355 manni
297 2297 451 2355 Parisinus
483 2298 581 2356 aetate
611 2295 765 2371 proximus
797 2315 866 2356 cum
893 2295 953 2354 illis
977 2295 1154 2356 coniunctus
1178 2296 1218 2356 sit
1241 2316 1291 2356 ex-

108 2456 110 2461 ·
171 2387 345 2460 planemuS,
380 2389 448 2444 tum
480 2405 553 2445 num
576 2383 760 2444 Lachmanni
790 2385 826 2444 de
858 2385 943 2443 libris
967 2384 995 2442 A
1019 2387 1049 2444 et
1073 2381 1094 2442 O
1125 2385 1291 2446 sententiae

172 2473 311 2532 assentiri
339 2474 487 2548 possimus
521 2474 693 2544 rideamus,
731 2474 859 2550 denique
894 2472 1166 2548 Guelferbytanum
1201 2495 1291 2551 quem

172 2561 371 2632 Baehrensius
395 2563 472 2620 alius
494 2562 624 2622 familiae
640 2563 835 2641 propaginem
851 2582 913 2622 esse
937 2565 1046 2636 censet,
1071 2563 1289 2636 examinemus;

170 2653 321 2726 postremo
353 2651 415 2709 utri
439 2653 539 2728 generi
562 2653 708 2712 librorum
731 2652 827 2713 maior
851 2651 1015 2715 auctoritas
1045 2650 1207 2712 tribuenda
1239 2652 1289 2725 sit,

170 2739 355 2801 constituere
378 2741 560 2806 conabimur.

425 2953 427 2960 “
442 2953 465 3006 1.
484 2951 527 3006 De
545 2950 676 3006 codicum
694 2950 893 3007 recentiorum
910 2951 1016 3007 aetate.

259 3081 303 3140 De
325 3081 510 3142 Lachmanni
533 3081 685 3142 codicibus
708 3081 767 3140 iam
791 3099 882 3156 supra
905 3080 1135 3140 memoravimus
1158 3080 1288 3155 primum

172 3169 225 3243 qui
241 3172 305 3228 erat
320 3171 532 3247 archiepiscopi
553 3171 758 3241 Eboracensis‚
783 3171 811 3228 A
834 3189 911 3229 anno
933 3175 1014 3234 1425
1039 3187 1101 3228 esse
1121 3172 1287 3244 exaratum,

171 3257 299 3317 alterum
322 3259 492 3320 Parisinum
512 3267 529 3324 7
535 3264 609 3335 989,
633 3261 658 3320 B
682 3279 758 3320 anno
786 3260 868 3324 1423
893 3259 1050 3334 scriptum,
1074 3262 1189 3318 ceteros
1213 3278 1288 3334 quos

169 3348 386 3409 recentissimos
402 3349 476 3410 dicit
499 3349 546 3408 vir
564 3350 762 3420 doctissimus,
788 3351 867 3408 certe
883 3349 977 3407 altera
992 3347 1104 3407 saeculi
1119 3347 1175 3405 XV
1190 3351 1286 3423 parte,

169 3456 238 3496 cum
262 3438 363 3497 studia
394 3438 587 3513 antiquitatis
618 3439 679 3498 iam
709 3439 836 3497 maxime
867 3437 1007 3496 florerent
1038 3440 1130 3511 atque
1153 3437 1287 3497 virorum

169 3525 325 3585 doctorum
358 3527 484 3587 audacia
511 3527 725 3603 temeritasque
753 3527 784 3585 in
809 3526 961 3586 codicibus
985 3525 1167 3602 corrigendis
1189 3527 1288 3604 magis

168 3615 324 3692 magisque
337 3616 487 3694 glisceret,
502 3633 563 3676 esse
575 3616 739 3687 confectos3
753 3615 966 3676 Askewianum
979 3615 1099 3690 quidem
1113 3633 1189 3674 anno
1204 3616 1286 3680 1463

170 3707 324 3763 exaratum
348 3723 410 3765 esse
434 3708 561 3770 constat,

257 3793 281 3851 E
297 3793 459 3854 Baehrensi
476 3798 578 3854 autem
595 3794 747 3854 codicibus
763 3793 979 3852 Ambrosianus
1002 3791 1030 3850 A
1047 3793 1126 3853 circa
1142 3813 1169 3852 a.
1192 3798 1285 3865 1374,

167 3882 193 3939 si
208 3901 268 3940 non
283 3884 373 3958 paulo
390 3887 489 3954 antea,
513 3883 643 3959 scriptus
667 3901 729 3945 esse
753 3882 889 3955 videtur;
914 3903 949 3942 ex
964 3883 1185 3958 subscriptione
1208 3882 1287 3942 enim

168 3990 246 4047 quae
269 3972 299 4029 in
322 3972 380 4032 fine
403 3974 593 4032 membranae
616 3975 683 4049 post
705 3971 818 4032 Tibulli
842 3972 937 4031 vitam
962 3971 1065 4032 addita
1089 3975 1151 4032 est:
1178 3971 1287 4047 „Liber

168 4057 282 4121 Oolucii
312 4061 398 4138 pyeri
430 4059 605 4122 Cancellarii
634 4061 817 4134 florentini“,
848 4061 978 4121 codicem
1011 4058 1124 4120 Oolutii
1154 4060 1287 4122 Salutati

168 4147 260 4210 fuisse
283 4150 490 4228 intellegitur,
522 4152 558 4212 de
582 4170 642 4228 quo
665 4151 813 4211 librorum
841 4170 933 4210 manu
956 4151 1138 4226 scriptorum
1160 4151 1285 4211 investi·

169 4241 272 4320 gatore
296 4239 496 4305 Baehrensius
518 4241 550 4299 in
573 4241 687 4323 proleg.
712 4239 851 4306 editionis
875 4259 947 4304 suae
963 4239 1073 4304 Catull.
1097 4239 1192 4322 ng
1214 4241 1285 4322 plu-
