3240 5006
779 410 996 468 ..44-

326 582 456 641 vetustis
479 583 630 642 codicibus
665 585 695 642 et
718 582 860 641 videntur
883 582 919 642 de
941 582 1082 643 inferiore
1111 583 1329 661 epigrammate
1352 587 1452 647 incul-

327 672 385 731 cati
417 671 510 731 fuisse
541 672 572 729 in
605 671 696 730 huius
726 671 838 748 elegiae
870 671 958 731 finem
987 692 1040 748 per
1070 691 1197 731 errorem
1222 674 1450 735 librariorum“.

326 761 464 836 Utraque
494 761 571 819 enim
603 761 755 820 adnotatio
789 760 919 835 quadrat
949 762 980 819 in
1010 761 1139 820 codicem
1164 761 1450 841 Guelferbytanum,

327 850 380 925 qui
414 851 513 926 priore
548 852 612 910 loco
648 851 709 909 litt.
743 850 865 909 maiusc.
902 853 985 910 rubr.
1021 851 1158 910 exhibet:
1198 852 1302 925 „Albii
1336 854 1451 913 Tibulli

325 943 431 1014 poetae
453 940 583 998 illustris
607 940 642 998 de
667 939 818 999 amoribus
842 941 967 998 nemesis
990 940 1066 999 liber
1088 939 1151 1010 11¹⁴,
1176 945 1243 1015 post
1266 941 1324 1015 ΙΙΙ,
1350 948 1379 1014 6,
1408 949 1450 1007 64

326 1030 427 1087 autom
451 1030 552 1087 statim
577 1029 705 1088 subicit:
742 1028 844 1102 „Albii
876 1029 931 1089 tib.
957 1029 992 1088 de
1023 1029 1165 1088 laudibus
1189 1031 1332 1090 messalae
1355 1053 1449 1108 pana-

326 1117 477 1194 giricus“;
502 1121 605 1176 contra
628 1118 720 1177 ceteri
754 1118 823 1176 libri
859 1137 959 1177 omnes
994 1118 1120 1196 elegiam
1154 1118 1238 1177 illam
1270 1119 1364 1195 ,Quis
1388 1122 1449 1180 fuit

326 1210 401 1269 cto.“
435 1210 517 1266 recte
548 1207 645 1282 primo
678 1208 755 1266 libro
786 1208 945 1280 tribuunt,
978 1227 1047 1266 cum
1078 1208 1209 1267 carmine
1243 1228 1313 1270 vero
1344 1210 1401 1282 ΙΙΙ,
1428 1216 1446 1275 6

326 1296 511 1374 epigramma
534 1295 588 1366 IV,
617 1301 655 1360 12
680 1296 878 1374 coniungunt.

413 1384 515 1444 Prima
548 1389 649 1444 autem
682 1385 789 1446 codicis
821 1383 1052 1461 Guelferbytani
1083 1404 1189 1444 manus
1224 1390 1337 1462 quanto
1368 1388 1448 1447 inter

324 1476 492 1533 ceterorum
529 1475 664 1534 codicum
703 1475 905 1534 recentiorum
941 1494 1062 1552 gregem
1102 1475 1227 1534 excellat
1257 1477 1445 1554 integritate,

324 1581 415 1638 supra
440 1562 516 1639 (cap.
541 1563 582 1633 ΙΙ,
608 1568 624 1637 ἓ
653 1570 667 1626 l
695 1565 725 1622 et
749 1566 780 1636 2)
812 1563 985 1637 docuimus,
1015 1563 1069 1622 ubi
1102 1583 1166 1622 eam
1190 1583 1289 1640 neque
1311 1566 1376 1624 ulla
1401 1567 1445 1624 la-

324 1671 471 1711 cunarum
501 1653 709 1728 supplementa
741 1653 936 1728 suppositicia
966 1654 1126 1728 praebere,
1159 1656 1188 1712 et
1212 1654 1349 1731 plurimis
1372 1655 1445 1714 locis

323 1743 416 1801 bonas
448 1742 512 1800 aive
540 1742 648 1801 codicis
681 1742 871 1801 ambrosiani
901 1743 964 1801 aive
998 1741 1136 1800 Vaticani
1169 1742 1309 1803 lectiones
1341 1748 1445 1804 contra

323 1831 448 1890 alterius
471 1831 547 1890 vitia
569 1831 725 1890 defendere
745 1831 1026 1890 demonstravimus.
1065 1830 1192 1889 Etiamsi
1207 1832 1303 1910 igitur
1320 1833 1444 1892 alterius

322 1919 453 1979 familiae
468 1921 624 1999 progenies
639 1939 698 1979 non
723 1925 808 1993 esset,
833 1924 933 1980 tamon
956 1921 987 1977 in
1011 1920 1194 1979 carminibus
1218 1921 1331 1981 Tibulli
1354 1924 1443 1982 resti-

323 2009 442 2069 tuendis
477 2011 606 2070 codicem
638 2010 717 2068 hunc
748 2011 907 2084 oportebat
939 2009 1089 2068 adhibere.
1136 2007 1194 2068 Sed
1224 2030 1303 2070 nunc
1326 2013 1440 2070 tantam

323 2099 506 2174 optimarum
537 2099 700 2158 lectionum
735 2098 962 2156 multitudinem
999 2098 1105 2168 tradit,
1146 2118 1223 2174 quac
1259 2101 1290 2158 in
1328 2100 1440 2159 familia

323 2188 460 2248 codicum
492 2187 520 2246 A
552 2191 581 2246 et
604 2187 631 2243 V
663 2205 815 2262 nusquam
845 2186 1042 2246 inveniuntur
1075 2189 1105 2245 et
1133 2207 1206 2263 quas
1237 2207 1335 2246 omnes
1366 2206 1436 2247 con-

322 2277 438 2336 iectura
468 2276 655 2353 grammatici
686 2277 842 2336 cuiusdam
875 2276 923 2334 vel
955 2275 1118 2334 doctissimi
1149 2279 1177 2335 et
1210 2276 1281 2335 artis
1312 2275 1432 2335 criticae

322 2365 495 2441 peritissimi
518 2369 599 2424 ortas
623 2384 685 2424 esse
708 2366 758 2424 vix
781 2365 922 2425 credibile
938 2368 992 2424 est.
1030 2364 1198 2426 Perluatres
1213 2365 1295 2425 modo
1316 2368 1450 2424 mecum

321 2473 432 2531 paucas
456 2456 508 2514 has
533 2475 567 2515 ax
590 2457 675 2513 tanto
698 2475 822 2514 nurnero
846 2455 968 2514 selectas
992 2454 1173 2530 scripturas:

358 2543 383 2617 Ι,
404 2551 439 2614 .1,
477 2550 514 2609 2:
539 2545 637 2603 multa
661 2544 727 2602 Par.
752 2545 828 2603 Fris.
854 2543 880 2602 G
908 2579 943 2588 —
970 2563 1089 2620 magna,
1114 2547 1169 2602 cet.

414 2639 441 2704 l,
480 2639 515 2697 5:
540 2633 604 2692 vita
627 2632 695 2691 Par.
720 2633 795 2696 Fris,
822 2633 848 2692 G
873 2669 913 2678 -
938 2633 1030 2702 vitae,
1053 2636 1110 2692 cet.

412 2729 440 2795 1,
456 2726 513 2786 29:
539 2722 689 2782 bidentem
712 2721 781 2786 Par.
806 2722 832 2781 G
861 2757 896 2766 -
922 2722 1067 2792 bidentes,
1092 2724 1148 2780 cet.

414 2816 514 2881 1‚41:
539 2811 696 2871 fructusve
719 2811 787 2872 Par.
814 2810 839 2870 G
866 2845 903 2855 -
928 2811 1116 2887 fructusque,
1141 2813 1196 2870 oet.

413 2904 440 2971 l,
455 2905 514 2964 48:
538 2900 633 2960 imbre
656 2900 724 2959 Par.
751 2899 776 2960 G
802 2937 842 2945 -
867 2900 945 2977 igne,
970 2903 1027 2959 cat.

413 2995 440 3059 1,
455 2994 514 3053 78:
539 2989 709 3065 Despiciam
738 2991 814 3049 dites
848 2989 917 3048 Par.
943 2987 970 3046 G
1000 3023 1031 3032 -
1058 2988 1143 3047 Dites
1171 2987 1346 3064 despiciam,
1382 2989 1438 3046 oet.

479 3125 480 3129 ,
591 3078 705 3159 (confer
728 3079 753 3150 Ι,
779 3085 809 3150 4,
842 3083 901 3144 82:
937 3076 1089 3136 Deficiunt
1119 3080 1198 3136 artes
1237 3075 1439 3152 deficiuntque

635 3169 705 3228 doli.
730 3169 771 3239 Π,
798 3174 827 3243 5,
856 3172 935 3232 10οε
966 3165 1136 3242 Gespitibus
1167 3184 1281 3226 mensas
1318 3164 1438 3241 cespiti·

634 3260 752 3335 busque
774 3259 899 3332 torum.)

410 3350 439 3418 2,
477 3353 513 3411 6:
537 3345 616 3405 fulta
639 3346 666 3406 G
691 3383 730 3392 -
755 3347 850 3419 firma,
875 3348 930 3405 cet.

409 3439 439 3504 2,
454 3440 493 3500 76
519 3437 605 3512 (74):
630 3435 711 3495 inG
739 3472 771 3479 —
802 3439 841 3509 ct,
866 3437 922 3495 oet.

409 3528 438 3597 5,
475 3531 511 3587 7:
536 3544 589 3600 por
611 3525 692 3585 teG
724 3561 749 3569 -
781 3545 879 3600 parce,
904 3526 959 3584 cet.

409 3618 438 3686 5,
454 3620 512 3678 74:
536 3633 633 3690 usquc
657 3614 683 3673 G
710 3647 748 3658 --
772 3614 846 3689 ipse,
872 3617 928 3672 cet.

410 3707 439 3776 Ι,
476 3709 513 3768 3:
537 3702 675 3781 frangere
699 3703 726 3762 G
753 3738 788 3746 -
815 3703 949 3776 fundere,
975 3703 1032 3761 cet.

410 3797 512 3865 554:
537 3792 785 3852 libem..mella
807 3793 876 3851 favo
901 3791 927 3850 G
956 3823 992 3831 -ν
1017 3790 1354 3866 liba..mellaferam,
1379 3797 1435 3854 cet.

408 3885 437 3951 8,
453 3887 513 3946 51:
538 3882 651 3941 sontica
674 3882 750 3940 Fris.
776 3882 802 3940 G
828 3917 866 3925 —
892 3881 1002 3941 sentite
1023 3883 1060 3956 Y,
1086 3883 1197 3942 sontica
1222 3881 1253 3940 0.

408 3973 512 4040 531:
537 3971 620 4029 nullo
644 3974 675 4030 te
699 3970 725 4030 G
753 4007 788 4014 -
815 3971 898 4029 nullo
922 3969 990 4041 tibi,
1014 3974 1071 4032 cet.

408 4063 437 4130 9,
452 4065 511 4124 53:
535 4059 619 4118 donis
642 4079 771 4134 puerum
795 4059 822 4119 G
848 4095 887 4102 —-
911 4079 1041 4134 puerum
1063 4061 1156 4132 donis,
1181 4064 1238 4120 cet.

337 4147 378 4219 II,
407 4155 509 4219 l,17:
533 4148 572 4207 Di
596 4148 622 4208 G
648 4184 688 4192 -
712 4150 772 4220 Dii,
798 4153 853 4213 oet.
879 4149 994 4224 (confer
1015 4150 1073 4222 ΠΙ,
1099 4156 1128 4223 4,
1158 4151 1199 4227 l.)

357 4259 374 4298 o
410 4243 437 4311 1,
452 4243 510 4302 89:
535 4238 632 4298 furvis
649 4237 685 4311 G,
703 4239 752 4298 cui
767 4238 887 4298 lectioni
902 4237 1110 4299 Lachmannus
1127 4239 1258 4298 addidit:
1279 4237 1435 4312 „Guelfer-
