3244 5004
780 343 998 404 ..50-

499 537 538 592 ll.
570 537 613 593 lle
631 536 785 607 utrlnsque
803 537 933 594 lamlllae
952 539 982 594 X
1000 539 1031 594 et
1047 539 1073 594 Y
1092 538 1278 595 anctoritate.

415 666 460 726 De
483 666 668 725 familiarum
691 668 873 728 auctoritate
897 672 1044 744 quantum
1063 689 1099 728 ex
1118 668 1280 728 lectionum
1297 667 1456 726 variarum

330 756 551 832 comparatione
584 775 676 834 supra
698 757 842 816 instituta
865 757 965 835 colligi
990 759 1107 833 potest,
1141 758 1232 817 codex
1254 757 1306 816 ille
1330 776 1366 815 ex
1390 775 1455 832 quo

329 844 587 921 Guelferbytanus
610 845 757 919 manavit,
782 866 797 905 9
821 866 914 904 manu
938 847 1064 905 hominis
1088 847 1209 924 linguae
1232 846 1345 905 1911999
1369 846 1456 905 haud

327 934 461 1010 imperiti
484 935 636 1010 profectus
660 938 722 1006 est,
756 935 881 995 alterius
906 938 1007 994 autem
1031 935 1162 995 familiae
1185 935 1254 995 libri
1279 955 1296 994 a
1319 935 1455 994 librariis

325 1023 453 1082 indoctis
485 1028 577 1100 atque
608 1025 839 1102 neglegentibus
867 1023 1009 1100 descripti
1036 1028 1117 1084 sunt.
1165 1023 1230 1094 Quo
1254 1023 1371 1084 factum
1395 1027 1454 1096 est,

327 1116 363 1171 ut
387 1111 646 1188 Guelferbytanus
670 1114 816 1188 plurimae
840 1113 948 1172 codicis
973 1113 1128 1189 archetypi
1152 1112 1176 1172 Ο
1200 1113 1350 1184 199119999,
1375 1132 1455 1189 quas

325 1201 513 1276 reliquorum
548 1202 694 1261 librorum
730 1202 844 1262 scribae
878 1203 977 1262 minus
1012 1206 1093 1262 recte
1127 1201 1331 1281 intelligentes
1369 1221 1454 1261 mero

327 1309 427 1349 errore
450 1291 513 1349 sire
536 1292 670 1351 socordia
693 1291 956 1365 transformabant,
981 1292 1156 1351 immutatas
1179 1294 1210 1350 91
1233 1291 1361 1353 infactas
1381 1311 1453 1367 pro-

328 1383 464 1458 pagaret.
504 1379 561 1440 Sed
581 1380 635 1439 ubi
658 1381 755 1440 maius
778 1380 943 1458 ingenium,
968 1380 1011 1439 ibi
1034 1380 1131 1440 maius
1156 1380 1247 1440 etiam
1270 1379 1453 1440 temeritatis

329 1468 531 1546 audaciaeque
555 1469 756 1546 interpolandi
781 1469 960 1545 periculum.
1007 1468 1116 1544 Itaque
1141 1488 1317 1529 omnesaue
1341 1469 1453 1528 codicis

326 1555 350 1616 Ο
374 1557 516 1618 199119999
539 1578 617 1634 quaa
641 1559 704 1617 sive
727 1557 907 1633 corruptelis
930 1557 1116 1617 deformatae
1147 1558 1258 1618 litteris
1286 1577 1375 1618 sensu
1400 1579 1452 1617 ex·

325 1647 462 1722 pertibus
486 1648 679 1721 constabant,
711 1648 774 1707 sire
798 1649 920 1723 propter
944 1650 1127 1707 vetustatem
1159 1647 1278 1706 omnino
1302 1647 1363 1724 legi
1391 1666 1451 1705 non

325 1738 481 1811 poterant,
514 1757 531 1795 a
558 1736 681 1796 librario
714 1736 846 1812 parentis
874 1734 1106 1812 Guelferbytani
1138 1735 1316 1796 coniecturis
1348 1737 1451 1811 eisque

325 1843 381 1883 non
407 1844 523 1902 semper
546 1825 667 1902 optimis
690 1826 855 1901 temptatae
879 1827 960 1896 sunt,
992 1844 1062 1885 cum
1086 1825 1199 1884 codices
1223 1824 1249 1881 A
1274 1829 1304 1884 et
1328 1824 1365 1898 V,
1399 1828 1450 1883 ut·

325 1916 394 1989 pote
418 1917 455 1975 ab
480 1915 650 1974 hominihus
674 1915 803 1975 indoctis
827 1918 880 1990 qui
904 1931 1008 1973 versus
1031 1913 1205 1990 intellegere
1229 1933 1336 1988 parum
1360 1933 1448 1973 cura·

324 2004 408 2074 bant,
434 2003 548 2064 exarati
570 2003 725 2079 archetypi
741 2002 849 2061 menda
865 2003 977 2061 maiore
993 2022 1060 2061 cum
1077 2001 1134 2062 fide
1151 2003 1269 2078 saepius
1285 2003 1445 2061 traderent.

325 2092 483 2167 Nusquam
507 2092 603 2170 igitur
633 2093 664 2150 in
689 2091 926 2166 Guelferbytano
957 2091 1031 2150 tales
1063 2091 1196 2150 invenies
1226 2091 1405 2167 scripturas:
1421 2090 1443 2166 ¹)

356 2251 381 2322 1,
409 2257 437 2323 5,
465 2255 523 2315 16:
549 2269 645 2310 creme
668 2250 705 2321 A,
732 2249 860 2332 (chreme
884 2248 924 2326 V)
948 2249 1119 2310 -circum
1145 2249 1227 2309 G-
1246 2251 1349 2309 triviae
1371 2249 1433 2307 edd.

324 2365 381 2437 IH,
408 2371 437 2440 4,
463 2371 503 2430 41
516 2353 532 2424 τ’
547 2366 657 2441 cuique
680 2364 737 2423 AV
762 2401 802 2409 —
827 2365 974 2442 cuiusque
999 2364 1024 2426 G
1052 2401 1087 2408 -
1114 2365 1250 2441 aevique,
1276 2365 1337 2426 edd.

324 2483 379 2554 IV,
407 2487 435 2552 1,
463 2485 544 2545 110:
569 2481 682 2556 arpinis
706 2479 763 2540 AV
794 2517 828 2524 -
854 2480 961 2556 alpinis
986 2479 1011 2540 G
1036 2516 1077 2525 -
1107 2479 1242 2555 arupinis
1266 2480 1300 2539 F.

409 2577 435 2642 1,
465 2576 543 2636 1131
568 2573 727 2629 renovarat
738 2568 794 2627 AV
813 2603 848 2613 —
862 2568 1095 2630 revocaveratG
1112 2603 1146 2613 -
1162 2571 1368 2638 renovaverat,
1382 2566 1446 2630 edd.

406 2666 433 2730 1,
461 2664 541 2724 139:
566 2660 680 2718 1919999
704 2657 761 2716 AV
787 2694 827 2703 -
852 2659 979 2719 threicio
1004 2657 1095 2717 G-
1120 2658 1252 2728 theraeo,
1277 2657 1342 2716 edd.
1477 2653 1482 2666 '

413 2819 520 2894 Neque
550 2819 710 2893 corruptae
740 2817 838 2876 solnm
865 2817 973 2876 codicis
998 2814 1022 2875 Ο
1047 2816 1187 2876 lectiones
1210 2816 1241 2874 19
1266 2815 1449 2892 Guelferby-

323 2909 387 2968 tani
418 2911 541 2984 parente
572 2906 803 2965 transformatae
831 2908 933 2979 eraut,
965 2906 1016 2965 sed
1041 2905 1131 2964 eliam
1156 2905 1285 2980 optimae
1307 2923 1450 2963 nonnun-

324 3017 414 3074 quam
446 2996 612 3072 scripturae
641 2995 709 3054 aliis
742 2995 875 3055 eiusdem
898 2995 947 3054 vel
977 2994 1082 3053 similis
1113 2993 1338 3071 significationis
1363 2998 1452 3052 erant

323 3088 469 3162 mutatae,
494 3086 597 3145 velut:

357 3230 382 3300 Ι,
408 3234 438 3299 4,
465 3234 523 3294 22:
548 3228 614 3287 loca
637 3245 755 3287 summa
779 3224 805 3285 G
833 3259 867 3269 —
895 3225 975 3284 freta
997 3242 1115 3283 summa
1136 3224 1172 3282 Y.

406 3323 437 3389 8,
462 3322 523 3381 60:
548 3316 650 3376 sonitu
674 3315 700 3375 G
728 3350 762 3360 -
791 3314 921 3390 strepitu
946 3314 980 3372 Y.

406 3412 436 3480 2,
465 3412 519 3470 14:
544 3405 675 3482 plurima
699 3403 725 3463 G
750 3438 790 3448 —
815 3403 921 3462 florida
942 3402 979 3464 Y.

338 3522 379 3594 H,
409 3528 435 3594 1,
464 3526 520 3585 18:
545 3521 645 3580 tollite
669 3519 694 3579 G
722 3551 759 3562 -
785 3518 889 3595 pellite
912 3519 948 3576 Y.

365 3683 367 3688 ,
408 3616 437 3684 3,
486 3616 524 3675 8:
549 3610 671 3670 colenda
694 3607 721 3667 G
747 3642 784 3652 -
812 3608 935 3667 serenda
957 3606 994 3665 Y.

407 3705 436 3772 6,
485 3704 522 3764 6:
546 3699 645 3758 lustra
668 3696 695 3757 G
720 3731 760 3740 -
786 3696 873 3774 signa
895 3695 932 3754 Y.

407 3789 438 3860 6,
464 3793 522 3853 28:
546 3788 626 3846 bella
649 3786 752 3863 puella
768 3784 795 3845 G
813 3820 851 3829 -
871 3786 947 3844 dura
969 3781 1113 3859 puellaY
1137 3779 1249 3856 (confer
1264 3777 1322 3852 111,
1340 3784 1370 3850 4,
1389 3784 1448 3843 52:

545 3877 626 3937 bella
649 3875 774 3951 puella.)

322 4178 337 4230 7
366 4177 382 4230 8
413 4105 559 4232 lquonfer
584 4105 670 4161 etiam
694 4105 715 4168 1,
734 4104 760 4168 3,
780 4101 823 4155 38.
843 4101 886 4155 50,
905 4101 931 4165 4,
951 4100 994 4153 29.
1014 4097 1039 4163 8,
1059 4096 1100 4149 51.
1120 4097 1154 4160 ll,
1174 4094 1199 4160 3,
1219 4095 1262 4149 63.
1281 4096 1306 4160 6,
1325 4095 1369 4149 46.
1396 4095 1447 4160 IV,

340 4219 346 4244 ‚
401 4196 418 4232 a
441 4195 480 4232 as.
