3240 5006
636 442 854 502 ...11-

272 617 329 692 111,
355 622 385 691 3,
411 622 452 681 22
477 617 509 676 in
532 617 774 695 Frisingensibus
798 618 898 676 extat:

410 707 489 766 Nec
512 707 636 765 fortuna
659 723 714 765 sua
737 708 873 781 tempora
896 705 963 782 lege
987 705 1075 782 gerit,

185 817 252 856 cum
275 796 367 856 ceteri
390 798 564 871 praebeant,
589 796 670 870 quod
693 815 725 855 re
748 814 819 853 vera
841 794 1017 871 Lygdamus
1040 793 1179 868 scripsit:

306 885 395 943 Nam
418 884 541 943 fortuna
564 903 618 943 sua
641 887 778 960 tempora
801 885 867 961 lege
891 883 971 961 regit
993 882 1087 961 (gerit
1110 882 1184 956 alii).

273 974 335 1048 IV,
373 979 426 1044 14,
461 979 478 1038 2
516 973 643 1050 donique
679 976 818 1048 excerpta
852 991 905 1048 pro
945 972 1080 1032 codicum
1118 971 1308 1049 integrorum

184 1065 352 1140 scriptura:

383 1151 472 1211 Nunc
496 1171 551 1228 ego
574 1171 621 1211 me
645 1151 743 1211 surdis
767 1151 891 1211 auribus
916 1169 979 1211 esse
1002 1150 1102 1224 velim,

185 1243 277 1301 talem
302 1259 438 1300 versum:
464 1241 552 1301 Nune
568 1260 623 1317 ego
647 1245 678 1300 te
693 1240 792 1299 surdis
809 1261 834 1299 e.
852 1262 880 1316 q.
899 1259 942 1315 sq.
960 1240 1164 1300 inseruerunt.
1199 1237 1307 1297 Omnes

185 1331 242 1389 hae
266 1330 489 1390 immutationes
513 1348 656 1389 versuum
679 1348 864 1406 quamquam
887 1330 969 1388 haud
985 1346 1103 1407 graves
1127 1331 1228 1387 tamen
1244 1327 1308 1386 sola

188 1419 303 1479 librarii
333 1420 468 1480 socordia
508 1418 759 1497 neglegentiaque
793 1419 926 1478 extitisse
954 1437 1012 1477 non
1044 1418 1202 1488 videntum
1236 1419 1308 1475 sunt

186 1509 281 1585 igitur
295 1509 549 1584 interpolationes.
586 1507 643 1567 Sed
668 1527 736 1567 cum
760 1508 816 1568 hac
839 1509 954 1567 ratione
978 1526 1121 1567 versuum
1145 1505 1308 1566 sententiae

186 1598 260 1656 aliae
284 1619 299 1657 e
323 1598 462 1657 carminis
487 1617 601 1657 conexu
625 1597 685 1656 sint
708 1597 833 1670 solutae,
859 1597 934 1657 aliae
957 1601 994 1656 ut
1016 1596 1112 1674 magis
1129 1595 1308 1673 generaliter

185 1688 411 1764 intellegantur,
436 1687 598 1762 paululum
621 1685 852 1746 transformatae
875 1687 919 1766 (id
943 1687 1024 1762 quod
1056 1685 1165 1746 codicis
1197 1683 1308 1762 integri

184 1776 302 1836 librarii
325 1794 436 1834 munus
467 1794 610 1836 essenon
633 1775 766 1851 potuit),
801 1777 838 1834 ab
870 1795 903 1835 eo
933 1775 986 1851 qui
1019 1775 1136 1853 eclogas
1169 1773 1307 1843 confecit,

186 1865 410 1924 immutationes
433 1865 486 1924 has
509 1865 658 1941 profectas
683 1882 744 1924 esse
767 1884 885 1924 necesse
909 1867 961 1924 est.

278 1953 348 2011 Alia
379 1956 479 2012 autem
512 1956 631 2029 praeter
658 1953 718 2012 tria
749 1954 820 2012 haec
852 1957 1037 2031 quattuorve
1068 1951 1309 2028 interpolationis

190 2042 317 2117 vestigia
340 2042 371 2099 in
395 2042 638 2119 Frisingensibus
668 2061 727 2101 non
758 2043 912 2121 indagavi,
944 2063 1043 2118 neque
1066 2042 1125 2101 scio
1158 2061 1195 2099 an
1218 2042 1308 2116 plura

188 2131 315 2190 inveniri
337 2150 395 2190 non
419 2132 544 2207 possint.
592 2132 665 2191 Fuit
697 2132 774 2191 enirn
798 2132 938 2210 florilegii
967 2133 1058 2190 huius
1090 2131 1166 2190 ratio
1196 2130 1233 2189 ab
1258 2148 1308 2188 ex·

187 2221 298 2295 oerptis
321 2220 475 2292 Parisinis
509 2241 586 2296 quae
617 2221 766 2296 posterius
789 2223 875 2281 nobis
906 2221 1064 2281 tractanda
1088 2224 1187 2294 erunt,
1219 2221 1308 2296 longe

186 2309 313 2368 diversa.
361 2309 441 2368 Nam
473 2309 498 2368 is
530 2310 583 2386 qui
615 2310 820 2387 Frisingenses
846 2311 963 2388 eclogas
993 2309 1171 2385 composuit,
1204 2325 1308 2368 versus

189 2399 241 2472 qui
266 2401 390 2473 propter
413 2399 565 2473 poeticum
589 2399 736 2472 quendam
764 2401 893 2459 colorem
917 2400 965 2459 vel
995 2417 1114 2458 sensum
1139 2397 1307 2476 generalem

188 2487 215 2544 ei
238 2486 386 2560 placuisse
418 2487 569 2557 videntur,
605 2487 726 2547 minime
757 2489 842 2548 anxie
866 2488 1028 2564 assumpsit
1060 2507 1158 2563 neque
1190 2487 1309 2546 curavit

188 2576 295 2631 utrum
318 2574 380 2633 suis
403 2575 590 2649 temporibus
614 2576 767 2636 offensioni
791 2596 852 2637 esse
875 2581 997 2654 possent
1019 2596 1126 2648 necne;
1151 2576 1224 2652 quin
1242 2595 1308 2636 sen-

187 2662 297 2722 tentias
333 2664 370 2722 ad
393 2662 540 2723 Venerem
571 2668 741 2740 spectantes
775 2667 876 2726 studio
907 2667 1037 2744 quodam
1069 2670 1100 2726 et
1130 2684 1229 2724 amora
1258 2685 1308 2723 ex·
1347 2666 1349 2670 ’

187 2752 328 2827 carpsisse
352 2753 474 2813 videtur
487 2755 520 2829 ¹),
546 2753 751 2813 Parisinorum
770 2745 879 2816 'contra
902 2759 1007 2816 auctor
1030 2757 1118 2832 plane
1143 2773 1190 2814 eas
1213 2754 1308 2814 refor-

186 2841 314 2900 midavit
337 2845 392 2901 aut
414 2846 495 2902 totas
520 2844 626 2902 saltem
650 2844 887 2904 transformavit.
922 2845 1082 2905 Praeterea
1105 2843 1309 2922 grammaticis

181 2931 313 3011 ¹maxime
336 2930 506 2991 rationibus
529 2933 618 2991 illum
641 2933 767 2993 ductum
791 2953 863 3005 esse,
888 2935 913 2994 si
937 2938 1143 3011 excerptorum
1167 2933 1309 2993 lectiones

185 3019 414 3094 perlustramus,
439 3025 579 3098 apparet:
605 3041 811 3106 quaecunque·
827 3023 853 3084 ei
868 3024 1059 3083 adnotatione
1088 3023 1191 3098 aliqua
1217 3022 1309 3099 digna

188 3125 250 3166 esse
273 3109 464 3183 videbantur,
488 3111 562 3170 baec
585 3113 678 3170 verba
701 3113 749 3170 vel
772 3131 808 3172 ex
830 3113 1046 3173 sententiarum
1071 3131 1186 3173 conexu
1209 3112 1308 3171 soluta

190 3194 292 3254 eadem
316 3215 375 3271 qua
404 3197 436 3254 in
459 3199 558 3258 codice
590 3201 704 3276 scripta
733 3204 875 3261 extabant
908 3202 1004 3261 forma
1035 3203 1067 3260 in
1092 3205 1230 3281 excerpta
1254 3219 1309 3259 sna

187 3283 311 3359 recepit,
335 3288 371 3344 ut
386 3287 473 3344 modo
489 3289 608 3347 nomina
624 3290 824 3368 geographica
840 3290 878 3371 (Ι,
897 3296 926 3362 7,
946 3296 975 3356 3.
996 3297 1033 3355 11
1052 3309 1095 3367 sq.
1120 3289 1179 3364 III,
1193 3295 1223 3364 3,
1242 3293 1307 3365 29),

189 3373 276 3432 modo
301 3391 387 3432 voces
421 3375 457 3432 ad
481 3380 618 3436 veterum
648 3398 758 3451 mores,
776 3384 916 3456 artesque
947 3383 1115 3456 spectantes
1139 3377 1175 3456 (Ι,
1203 3384 1230 3449 1,
1259 3384 1308 3443 17.

123 3513 126 3523 .
188 3459 213 3532 l,
239 3466 269 3534 6,
296 3461 396 3532 701,
423 3468 452 3536 7,
478 3468 507 3526 2.
533 3469 584 3528 35.
611 3472 662 3530 45.
687 3467 728 3542 ΙΙ,
755 3473 784 3543 3,
811 3473 862 3534 63.
895 3469 952 3541 ΙΙΙ,
978 3475 1008 3542 6,
1034 3473 1077 3545 2),
1109 3469 1197 3528 modo
1220 3487 1308 3527 voca-

187 3550 259 3610 bula
291 3554 415 3627 propter
442 3572 542 3611 raram
574 3573 659 3614 casus
689 3556 817 3616 formam
849 3558 1090 3634 scripturamque
1121 3557 1184 3616 sive
1214 3557 1307 3634 signi-

188 3638 357 3698 ficationem
380 3642 525 3701 notabilia
549 3642 586 3718 (I,
605 3648 633 3714 8,
652 3650 703 3708 51.
727 3646 752 3718 Ι,
773 3653 822 3718 10,
841 3652 870 3711 8.
895 3647 1126 3718 ΙΙ,3,10.19.
1151 3647 1192 3717 ΙΙ,
1218 3651 1247 3717 5,
1274 3649 1307 3725 3)

188 3728 274 3804 quasi
290 3729 414 3789 disiecta
429 3749 575 3790 versuum
597 3736 730 3794 membra
753 3736 864 3812 passim
887 3737 1086 3800 inveniamus.
1134 3734 1193 3806 Qui
1215 3737 1308 3795 talem

186 3817 334 3878 rationem
357 3820 507 3895 sequitur,
531 3820 557 3880 is
580 3840 648 3880 raro
671 3825 751 3899 quod
774 3827 880 3902 poetae
899 3828 991 3886 verba
1013 3825 1184 3901 interpolet,
1208 3828 1308 3901 potest

186 3905 306 3968 habere.
354 3906 449 3977 Quam
466 3912 583 3969 obrem
607 3929 642 3969 ex
665 3915 811 3990 excerptis
827 3915 1070 3992 Frisingensibus
1093 3913 1201 3975 codicis
1224 3915 1307 3974 illius

186 3995 301 4054 vetusti
325 4015 385 4071 quo
408 3999 624 4075 grammaticus
654 4021 729 4062 usus
760 4006 815 4075 est,
847 4003 980 4078 pretium
1007 4003 1096 4065 facila
1119 4003 1305 4081 colligemus,

275 4208 301 4275 1)
320 4210 427 4265 Extant
445 4212 475 4265 in
494 4215 630 4285 excerptis
649 4217 871 4292 Frisingensibus
891 4205 986 4278 versus
1010 4219 1032 4289 1,
1051 4218 1076 4288 2,
1097 4218 1138 4277 19.
1158 4217 1200 4278 36.
1220 4219 1253 4272 41
1265 4237 1305 4294 sq.

185 4280 206 4350 Ι,
226 4280 251 4350 4,
270 4281 295 4340 c,
315 4281 363 4350 Ill,
383 4281 408 4352 2,
428 4284 441 4336 1
463 4302 503 4358 sq.
523 4286 580 4346 alii.
