3240 5006
623 447 663 466 .-,
700 416 749 478 ,31
787 445 842 490 ἢ..

169 608 269 665 neque
294 588 492 664 expluribus
516 587 736 650 contaminatus
758 587 859 661 libris;
892 607 961 646 nam
990 588 1070 648 certe
1092 585 1233 646 lectiones
1257 605 1292 646 ex

169 679 248 738 alius
273 676 376 753 stirpis
397 677 507 736 *codice
539 677 684 754 ascriptas
707 677 756 737 vel
784 677 1021 753 superscriptae,
1055 675 1134 736 sieut
1157 675 1188 736 in
1211 693 1291 735 com-

168 767 310 843 pluribus
342 766 492 826 undecimi
524 767 729 827 duodecimive
761 765 874 826 saeculi
897 765 981 826 libris
1005 764 1121 825 factum
1144 764 1291 836 videmus,

168 875 228 916 non
253 855 410 929 exhibuit:
445 875 559 933 paucae
589 856 667 916 enim
695 856 764 915 illae
787 855 888 915 variae
911 855 1071 929 lectioneS,
1103 873 1178 930 quas
1201 854 1292 930 paulo

169 965 262 1022 supra
286 947 351 1023 (pg.
376 949 429 1017 29,
454 946 522 1004 adn.
547 947 579 1021 4)
610 946 641 1004 in
666 964 699 1006 eo
723 945 858 1005 extitisse
882 943 996 1020 opinati
1019 961 1141 1015 sumus,
1174 962 1233 1003 non
1256 962 1292 1003 ex

171 1037 229 1094 elia
252 1035 389 1094 codicum
412 1033 541 1103 familia,
572 1035 623 1095 sed
652 1054 686 1094 ex
710 1035 823 1094 scribae
845 1036 966 1094 tantum
990 1032 1180 1093 dubitatione
1204 1035 1233 1092 et
1257 1051 1293 1091 ex

170 1125 323 1199 scriptura
346 1142 453 1198 parum
477 1123 557 1183 clara
588 1127 707 1184 exortae
731 1123 881 1184 videntur.
929 1122 1014 1193 Quod
1040 1125 1142 1182 antem
1164 1121 1196 1179 in
1218 1139 1292 1179 non-

169 1214 323 1273 nullarum
359 1213 517 1290 eligiarum
556 1213 694 1272 versibus
728 1202 832 1288 primis
863 1211 960 1288 prime
991 1212 1094 1272 littera
1124 1211 1207 1270 deest
1237 1212 1293 1270 aut

170 1303 246 1361 falsa
269 1304 314 1362 est
338 1301 450 1372 addita,
474 1301 543 1362 inde
565 1302 663 1362 nescio
686 1321 723 1360 an
738 1301 879 1379 colligere
899 1301 1056 1376 possimus
1081 1319 1118 1360 ne
1140 1300 1171 1359 iu
1194 1299 1293 1359 codice

175 1391 335 1467 archetypo
369 1391 491 1466 quidem
515 1412 532 1450 a
555 1391 713 1451 miniatore
736 1409 837 1451 omnes
860 1389 977 1451 litteras
1003 1389 1133 1450 initiales
1158 1389 1292 1465 appictas

174 1479 274 1550 fuisse,
297 1481 341 1538 ita
364 1483 401 1539 ut
423 1481 541 1539 librarii
572 1481 625 1556 qui
648 1483 765 1541 nostros
789 1479 902 1540 codices
925 1480 1149 1549 describebant,
1173 1478 1292 1554 saepius

174 1573 227 1628 aut
242 1569 316 1628 nihil
334 1569 494 1643 adicerent,
519 1571 605 1629 velut
627 1570 658 1628 iu
674 1570 773 1630 codice
796 1569 841 1630 V:
865 1568 906 1640 Π,
932 1575 962 1643 4,
990 1575 1024 1633 l:
1048 1567 1091 1642 Ic,
1107 1566 1165 1639 ΙΙΙ,
1184 1572 1213 1641 6,
1232 1571 1291 1632 33:

171 1659 187 1717 Ι
209 1659 293 1730 mibi,
317 1658 372 1733 IV,
398 1664 427 1729 5,
457 1664 490 1723 l:
523 1657 568 1732 St,
593 1662 648 1719 aut
671 1659 770 1720 minus
792 1660 890 1730 recte,
915 1658 1064 1719 sententia
1088 1676 1179 1733 prave
1202 1655 1291 1715 intel·

169 1749 264 1822 lecta,
296 1749 444 1808 vocabula
468 1749 657 1826 supplerent,
681 1747 820 1808 velutin
843 1747 942 1808 codice
965 1746 993 1805 A
1017 1747 1074 1817 ΙΙΙ,
1100 1751 1129 1820 5,
1157 1752 1193 1810 1:
1218 1746 1290 1818 Noe,

171 1838 227 1897 ubi
251 1837 278 1893 V
302 1839 426 1913 praebet
453 1841 524 1911 „os“
551 1837 635 1916 (vera
658 1836 746 1896 lectio
771 1839 853 1900 eret:
878 1836 962 1913 Vos).

261 1925 308 1985 Ab
333 1927 388 1986 boc
411 1927 507 2004 igitur
530 1926 630 1986 codice
652 1925 679 1983 Y
702 1926 849 1986 librorum
873 1925 901 1984 A
925 1928 955 1985 et
978 1926 1005 1983 V
1028 1926 1192 2002 archetypo
1222 1943 1292 2002 pro·

174 2015 263 2075 ficisci
291 2016 451 2086 debemus,
485 2015 510 2073 si
532 2014 717 2075 Lachmanni
740 2016 886 2076 librorum
910 2015 1123 2074 auctoritatem
1145 2015 1291 2092 pretium-

175 2123 232 2179 que
256 2104 451 2180 inquiremus.
475 2101 477 2106 ’
497 2103 683 2164 Accedamus
707 2123 787 2164 nunc
811 2104 848 2163 ad
871 2103 968 2178 illum,
994 2122 1083 2180 quem
1106 2123 1175 2163 cum
1194 2103 1291 2162 Baeb-

173 2193 316 2253 rensianis
328 2193 476 2254 artissima
492 2194 686 2254 coniunctum
704 2212 765 2254 esse
780 2195 908 2266 constat,
926 2193 1055 2253 codicem
1070 2192 1240 2252 Parisinum
1256 2191 1290 2250 B.

514 2439 570 2494 Ill.
589 2438 630 2494 lle
649 2438 746 2494 coellec
764 2437 896 2494 Parlslno
916 2439 949 2494 B.

263 2567 401 2627 Alterum
413 2568 596 2629 Lachmanni
612 2568 742 2628 codicem
766 2587 855 2643 quem
871 2567 1086 2627 Eboracensem
1111 2565 1291 2626 auctoritate

175 2657 340 2732 adaequare
364 2657 407 2716 ait
430 2657 477 2717 vir
499 2658 551 2717 ille
573 2657 773 2730 doctissimus,
798 2656 1010 2716 ParisinumB
1034 2655 1166 2717 eiusdem
1189 2655 1292 2731 stirpis

173 2764 234 2806 esse
269 2748 361 2824 atque
391 2747 624 2807 Ambrosianum
656 2745 898 2824 Vaticanumque
936 2745 1114 2817 Baehrensi,
1147 2745 1207 2804 iem
1238 2745 1292 2804 illa

170 2835 335 2895 lectionum
358 2837 542 2908 communio,
574 2836 702 2912 quasin
725 2835 841 2894 familia
863 2835 891 2893 Y
913 2836 1070 2896 tractanda
1093 2853 1184 2911 supra
1208 2836 1291 2894 attu-

171 2924 303 3001 limus1),
337 2925 493 2984 confirmat
522 2944 700 3002 omnemque
723 2924 944 2986 dubitationem
966 2925 1057 2988 tollit.
1106 2923 1203 2994 Quam
1226 2927 1292 2985 arte

171 3014 272 3073 autem
303 3032 371 3073 cum
403 3015 554 3075 codicibus
576 3015 637 3074 illis
659 3012 830 3086 cohaereat,
864 3014 975 3090 optime
1005 3014 1211 3073 demonstrant
1234 3013 1291 3072 loci

172 3103 200 3162 ei
223 3103 333 3177 quibus
356 3103 478 3162 illorum
501 3105 607 3164 menda
629 3103 795 3181 singularia
817 3121 871 3162 suo
888 3106 983 3162 marte
999 3102 1127 3162 Parisini
1150 3102 1291 3163 librarius

173 3191 292 3250 studuit
313 3193 479 3271 corrigere:
503 3192 631 3268 exempli
654 3211 744 3253 causa
767 3193 889 3252 afferam
912 3193 982 3252 hos:
1016 3191 1041 3266 Ι,
1066 3196 1096 3264 3,
1122 3197 1181 3256 25:
1205 3191 1290 3250 AV:

172 3279 272 3354 deum,
307 3280 350 3339 B:
383 3283 548 3358 deumque,
583 3278 701 3355 G‚A¹O
724 3284 820 3343 recte:
857 3281 938 3341 dum.
973 3280 1022 3356 II,
1048 3285 1085 3351 4,
1110 3285 1170 3346 33:
1206 3281 1290 3339 AV:

170 3370 308 3429 custodia
331 3371 455 3442 incerta,
480 3390 533 3446 pro
558 3389 617 3446 quo
641 3370 666 3428 B
689 3371 771 3430 haud
793 3371 838 3430 ita
860 3370 961 3447 inepte
984 3371 1121 3446 praebet:
1156 3371 1291 3429 custodia

167 3476 267 3532 coeca,
292 3456 411 3530 G‚A¹c
437 3460 466 3519 id
490 3461 570 3536 quod
594 3479 701 3520 verum
724 3464 784 3533 est,
809 3460 965 3520 exhibent:
990 3460 1081 3521 victa.
1116 3458 1290 3530 111‚1,1c:

167 3547 198 3606 A
208 3547 255 3605 V:
275 3547 497 3625 Castaliamque
512 3551 693 3620 umbrosam,
709 3549 735 3606 B
750 3552 787 3609 ut
802 3549 903 3609 versui
918 3551 1120 3609 succurreret:
1138 3547 1289 3608 Castiliam

166 3637 359 3708 umbrosam,
393 3637 429 3712 G,
442 3635 513 3698 A¹0
535 3640 631 3698 recte:
666 3637 880 3715 Castiliamque
911 3641 1061 3703 umbram.
1095 3636 1149 3711 IV,
1178 3643 1205 3708 1,
1231 3642 1290 3701 40:

168 3724 252 3784 AV:
276 3726 324 3786 hic
338 3731 403 3802 aut,
426 3747 480 3804 pro
504 3728 639 3790 codicum
655 3725 774 3800 e-,A10
796 3725 939 3788 lectione:
963 3728 1012 3788 bic
1028 3733 1082 3786 aut
1097 3727 1164 3798 hic;
1188 3726 1291 3786 Buna

167 3835 241 3900 cum
265 3816 359 3876 altero
386 3817 471 3891 „hic“
499 3817 588 3876 etiam
611 3817 791 3892 particulam
818 3820 911 3892 „aut“
937 3817 1047 3880 omisit.
1071 3815 1125 3890 IV,
1154 3821 1181 3888 l,
1207 3820 1289 3880 200:

262 4042 289 4110 1)
308 4044 345 4099 Bt
363 4045 445 4114 plura
464 4045 522 4100 eius
542 4046 670 4115 exempla
688 4045 844 4102 certissima
866 4063 1010 4116 possumus
1034 4047 1064 4100 in
1088 4045 1211 4101 medium
1229 4063 1291 4116 pro·

168 4114 258 4180 ferre,
282 4117 361 4170 velut
384 4116 405 4181 I,
427 4116 468 4182 10,
487 4117 536 4179 49;
562 4117 664 4171 AVB:
688 4118 781 4172 nitens
806 4134 901 4171 vomer
926 4118 1042 4183 viderit,
1068 4119 1168 4173 ceteri:
1192 4118 1290 4172 bidens
1387 4111 1391 4120 ’

170 4203 322 4254 vomerque
348 4187 454 4256 vigent.
479 4188 501 4253 I,
522 4188 563 4254 10,
583 4189 631 4242 51:
656 4188 757 4243 AVB:
784 4190 911 4257 lutoque,
938 4190 1022 4253 ceteri
1048 4193 1137 4243 recte:
1164 4191 1289 4257 lucoque.

170 4255 205 4322 Il,
226 4258 251 4320 5,
273 4258 339 4311 122:
359 4258 460 4312 AVB:
479 4263 623 4328 perpetua,
642 4260 743 4314 ceteri:
762 4262 904 4331 perpetuo,
