3240 5006
654 415 899 489 -23-'

202 607 231 663 at
254 603 314 661 iam
337 601 513 662 Franciscus
537 601 665 662 Puccius
689 600 860 661 coniectura
891 604 1046 662 assecutus
1069 601 1179 684 erat¹))
1204 602 1325 664 exhibet

203 693 302 754 hunc:

363 777 509 838 Securum
532 780 564 839 in
587 779 717 840 tenebris
740 799 789 838 me
811 779 885 840 facit
909 798 970 840 esse
994 780 1106 852 Venus,

205 869 256 946 qui
295 887 400 928 versus
438 868 517 928 idem
549 869 580 928 in
618 869 718 929 codice
751 868 779 925 V
816 889 908 928 manu
939 870 1069 930 secunda
1107 869 1227 929 additus
1267 872 1321 929 est.

203 957 404 1017 ParisinusB
436 958 575 1017 lacunam
605 959 689 1018 illam
720 957 855 1036 itemque
885 958 1049 1019 Vaticanus
1082 963 1169 1024 2794
1201 960 1323 1036 supple-

202 1050 313 1108 verunt
335 1046 393 1104 ita:

362 1134 418 1196 Ille
441 1135 514 1195 deus
538 1138 637 1196 certae
661 1137 712 1195 dat
735 1135 808 1195 mibi
833 1136 919 1212 signa
942 1136 1019 1208 viae,

202 1225 234 1282 in
266 1223 418 1284 codicibus
448 1224 576 1301 denique
609 1243 740 1301 quorum
773 1244 948 1286 consensum
979 1225 1083 1285 littera
1114 1223 1136 1283 O
1166 1223 1324 1303 insignivit

203 1314 422 1385 Lachmannus,
446 1313 576 1374 Thomae
592 1313 719 1374 Senecae
734 1313 911 1392 011111111ἱεῖ)
934 1316 1135 1375 commentum
1152 1317 1235 1374 extat
1251 1314 1321 1375 hoc:

363 1403 515 1462 Praesidio
538 1403 634 1464 noctis
657 1404 753 1464 sentio
778 1405 878 1463 adesse
901 1405 996 1464 deam.

203 1493 350 1553 «Iovianus
374 1492 529 1552 Fontanus
561 1492 774 1553 tuscanicis
798 1494 906 1553 lacuna
929 1493 1062 1553 addidit:

364 1581 468 1658 Usque
490 1601 592 1641 meum
615 1585 716 1642 custos
740 1583 880 1642 adlatus
904 1583 1008 1643 haeret
1032 1600 1123 1641 amor.

290 1671 326 1729 In
349 1671 455 1730 ceteris
480 1671 632 1732 codicibus
655 1672 727 1731 baec
750 1673 798 1732 vel
819 1672 878 1731 alia
893 1672 1100 1748 supplementa
1115 1670 1322 1744 inveniuntur,

199 1762 286 1821 velut
309 1761 341 1818 in
364 1761 463 1821 codice
486 1759 686 1822 bibliothecae
708 1761 915 1822 universitatis
938 1760 1122 1821 Monacensis
1145 1759 1193 1820 bic
1216 1779 1322 1822 versus

201 1850 334 1928 legitur:

362 1939 429 1997 Non
453 1939 527 1997 mibi
550 1942 637 1999 nocte
660 1939 756 2014 quies,
780 1959 839 1999 non
862 1939 936 1999 mibi
958 1941 1045 1999 nocte
1069 1955 1165 2014 sopor.

203 2026 312 2086 Contra
343 2027 373 2086 in
404 2029 504 2088 tribus
526 2028 604 2099 illis,
637 2047 767 2104 quorum
789 2029 932 2090 lectiones
955 2027 1117 2088 Baehrensi
1140 2046 1248 2104 operae
1271 2029 1322 2087 de·

201 2119 315 2190 bemus
339 2117 491 2177 codicibus
507 2117 583 2176 nibil
599 2116 661 2177 tale
677 2119 774 2194 prima
789 2139 882 2178 manu
898 2118 1045 2193 scriptum
1068 2118 1153 2193 potes
1176 2117 1321 2192 reperire:

200 2205 313 2266 codices
329 2219 332 2226 ’
346 2207 374 2264 Α
398 2206 478 2266 etV
509 2207 572 2266 sine
594 2207 753 2268 intervallo
786 2226 890 2268 versus
915 2213 956 2274 25
990 2210 1020 2266 et
1051 2211 1091 2270 27
1121 2206 1321 2285 coniungunt,

199 2296 262 2370 (ille
277 2298 397 2355 tantum
414 2296 446 2354 in
469 2296 604 2374 margine
627 2297 812 2373 adscriptum
837 2297 957 2356 exbibet
983 2295 1135 2370 „deficit“,
1160 2295 1208 2355 hic
1230 2315 1322 2354 manu

198 2385 364 2458 posteriore
387 2385 536 2462 Aurispae
557 2389 759 2445 commentum
771 2387 917 2462 praebet),
937 2384 1195 2459 Guelferbytanus
1220 2387 1322 2445 autem

199 2471 400 2531 interstitium
414 2474 504 2534 unius
520 2491 624 2534 versus
640 2475 776 2551 reliquit,
800 2475 832 2533 in
855 2495 915 2551 quo
938 2473 1068 2533 Pontani
1091 2492 1207 2550 versus,
1232 2494 1322 2551 quem

201 2563 487 2636 supramemoravi,
511 2565 607 2624 altera
630 2585 723 2624 manu
746 2565 866 2624 additus
891 2566 946 2624 est.

290 2649 449 2711 Praeterea
477 2656 546 2728 post
576 2671 697 2713 versum
727 2653 769 2725 ΙΙ,
796 2660 825 2729 3,
854 2659 892 2718 15
926 2654 1017 2714 codex
1049 2651 1204 2713 Astatim
1236 2652 1321 2712 nullo

198 2738 364 2800 interstitio
387 2741 491 2802 relicto
515 2743 639 2818 praebet
661 2761 783 2803 versum
812 2749 861 2818 16,
886 2742 913 2802 G
935 2744 967 2803 in
990 2743 1086 2820 spatio
1111 2742 1208 2803 alters
1230 2759 1322 2801 manu

198 2829 344 2906 scriptum
369 2831 489 2890 exhibet
512 2831 640 2891 Pontani
663 2851 802 2892 versum:

359 2919 394 2978 In
417 2939 524 2980 nemus
548 2923 579 2981 et
601 2924 703 2997 pastas
725 2922 795 2981 inde
818 2922 929 2982 referre
952 2922 1093 2996 domum;

198 3008 302 3068 deinde
325 3009 410 3086 signo
436 3010 572 3086 apposito
595 3011 628 3068 in
650 3011 787 3088 margine
809 3010 950 3072 inferiore
969 3011 1072 3071 eadem
1087 3029 1194 3070 manus
1213 3009 1321 3070 adiecit

198 3097 269 3170 hos,
301 3117 377 3174 quos
399 3099 473 3160 item
497 3119 515 3158 a
537 3098 675 3160 Pontano
707 3101 862 3177 suppletos
896 3119 958 3162 esse
985 3102 1117 3161 testatur
1142 3099 1319 3159 Franciscus

200 3184 344 3246 Puccius:

356 3276 424 3353 Ipse
448 3280 478 3336 et
501 3278 654 3353 spumanti
677 3279 792 3354 primus
815 3278 973 3339 multralia
996 3295 1084 3338 succo

403 3366 547 3442 Implesse
571 3368 715 3444 expressis
739 3368 837 3427 fertur
861 3371 898 3428 ab
921 3367 1096 3432 huberibus.

196 3452 362 3514 Vaticanus
385 3454 413 3512 V
438 3473 542 3515 versus
564 3457 633 3518 inde
657 3478 674 3517 a
698 3459 829 3518 carmine
851 3457 893 3530 H,
919 3463 949 3530 2,
976 3463 1017 3522 20
1040 3475 1137 3532 usque
1160 3455 1197 3514 ad
1219 3455 1262 3529 11,
1287 3459 1318 3528 3,

197 3547 236 3606 53
263 3543 380 3616 omisit;
407 3543 571 3604 Vaticanus
590 3550 676 3610 2794
700 3550 803 3607 contra
825 3548 880 3607 boc
903 3549 967 3608 loeo
990 3544 1173 3623 interposuit
1189 3543 1318 3608 Senecae

196 3636 411 3692 commentum:

356 3739 496 3799 Creditur
518 3740 555 3798 ad
578 3740 739 3801 mulctram
763 3742 954 3802 constituisse
977 3741 1071 3822 priuS,

285 3964 312 4033 1)
331 3967 404 4022 Vide
422 3969 595 4024 Lachmanni
614 3973 742 4038 apparat.
763 3970 824 4025 erit.
845 3971 880 4024 ad
899 3971 974 4024 hunc
992 3971 1092 4026 locum.

284 4052 312 4122 2)
331 4057 373 4111 De
392 4074 447 4126 quo
466 4058 620 4113 carminum
639 4059 840 4130 interpolatore
859 4061 933 4115 circa
959 4078 984 4114 a.
1006 4060 1074 4114 1392
1093 4062 1175 4126 nato,
1201 4078 1226 4115 a.
1247 4060 1314 4116 1431

195 4144 241 4180 ma
264 4127 331 4182 ‘stro
353 4128 466 4198 publico
493 4130 569 4185 urbis
588 4131 743 4197 bononiae,
763 4135 827 4202 post
845 4150 870 4186 a.
891 4131 961 4184 1454
984 4132 1105 4186 Arimini
1131 4135 1241 4187 mortuo
1266 4135 1314 4189 cfr.

194 4197 226 4252 G.
273 4199 342 4269 oigt,
367 4201 385 4255 1.
405 4218 428 4255 c.
447 4219 494 4272 pg.
514 4201 566 4254 583
586 4219 646 4270 sqq.
666 4205 695 4257 et
719 4203 791 4273 Ang.
809 4203 968 4275 Bnttaglini
987 4205 1062 4278 apud
1081 4204 1225 4262 Basinium
1251 4222 1314 4277 opp.

193 4272 261 4326 tom.
280 4271 307 4324 Π
325 4290 371 4345 pg.
395 4275 416 4340 l,
435 4291 482 4347 pg.
502 4275 545 4342 91,
563 4274 684 4331 Arimini
703 4275 780 4332 1794.
