3240 5006
768 447 985 504 --56-

314 636 412 694 usque
436 618 472 677 ad
497 621 591 689 32¹¹¹²¹‚
617 618 693 678 alter
717 617 810 681 ε250
835 618 872 677 ad
897 623 978 682 37m
1001 621 1240 682 asseveramus
1265 619 1446 678 inserendos

315 709 477 781 censerent,
501 707 625 783 reliquis
646 707 769 765 illorum
785 707 1068 782 transpositionibus
1084 710 1121 766 ut
1144 726 1241 783 neque
1263 708 1446 767 necessariis

313 815 411 872 neque
434 796 611 872 opportunis
634 796 787 874 neglectis,
811 797 848 856 de
870 796 917 854 his
940 796 1130 871 potissimum
1152 797 1237 856 nohis
1262 797 1318 857 erit
1344 817 1444 872 quae-

313 887 461 957 rendum3
486 884 597 944 Prienii
621 877 801 946 sententiam
824 886 975 961 propriam
1000 889 1030 944 et
1053 885 1238 963 singularem
1261 889 1370 962 postea
1395 907 1445 947 re-

314 974 510 1038 censebimus,

403 1063 447 1123 Ac
471 1063 603 1140 primum
626 1061 748 1138 quidem
770 1063 807 1121 de
829 1062 978 1121 iuncturis
1000 1063 1148 1136 carminis,
1174 1083 1251 1138 quae
1267 1083 1346 1124 novo
1373 1084 1444 1124 ver·

313 1171 403 1212 suum
419 1152 520 1211 ordina
536 1151 712 1224 extiterunt,
730 1151 894 1211 videamus.
927 1151 1054 1212 Versum
1072 1158 1112 1216 25
1130 1152 1290 1212 Richterus
1307 1173 1443 1230 eumque

314 1246 436 1302 secutus
450 1241 648 1300 Baehrensius
663 1243 699 1300 ab
714 1243 921 1316 excerptorum
934 1241 1170 1318 Frisingensium
1182 1242 1325 1302 lectione:
1355 1243 1444 1317 „lam

315 1332 402 1390 modo
431 1331 491 1390 iam
514 1330 644 1406 possim“
680 1329 808 1405 profecti
841 1330 883 1390 sic
912 1331 1220 1394 transformaverunt:
1249 1331 1442 1404 „Dummodo

313 1421 374 1480 iam
402 1420 531 1496 possim“
566 1421 596 1478 et
626 1439 679 1494 per
704 1420 887 1494 anaphoram
918 1439 1010 1496 quam
1037 1420 1067 1477 in
1096 1419 1292 1479 delectatione
1315 1420 1441 1480 Tibullo

313 1510 407 1569 fuisse
431 1511 558 1582 constat,
583 1528 651 1568 cum
675 1526 765 1567 versu
789 1512 807 1572 6
833 1508 974 1586 coniungi
998 1509 1170 1567 voluerunt.

404 1597 461 1658 sad
484 1599 545 1657 iam
568 1598 637 1656 vide
665 1596 705 1656 sis
729 1597 879 1674 quidhoc
902 1597 933 1654 in
957 1598 1060 1656 ordine
1075 1616 1220 1657 versuum
1245 1599 1295 1657 vel
1309 1599 1439 1658 maxime

314 1688 490 1764 displiceat:

385 1835 414 1894 5.
439 1831 488 1889 Με
511 1849 577 1889 mea
600 1830 795 1906 paupertas¹)
819 1830 883 1889 vita
907 1830 1046 1888 traducat
1069 1828 1200 1888 inerti

476 1919 558 1978 Dum
580 1937 665 1978 meus
690 1919 814 1978 adsiduo
837 1919 937 1978 luceat
959 1919 1028 1995 igne
1052 1919 1145 1990 focus,

362 2013 413 2073 25.
438 2008 536 2066 Dum
557 2008 669 2067 modo
693 2008 752 2065 iam
775 2008 886 2082 possim
909 2010 1067 2067 contentus
1090 2007 1192 2066 vivere
1214 2025 1307 2081 parvo

476 2096 538 2155 Nec
561 2114 678 2170 semper
699 2096 845 2172 longae
868 2096 1035 2155 deditus
1059 2115 1144 2155 esse
1167 2095 1276 2168 viae,

435 2184 506 2244 Sed
531 2185 643 2243 oanis
667 2184 842 2243 aestivos
866 2189 984 2244 ortus
1008 2185 1142 2244 vitare
1165 2186 1237 2244 sub
1259 2187 1386 2242 umbra

476 2273 645 2332 Arboris
668 2275 713 2332 ad
735 2273 844 2333 rivos
868 2274 1176 2349 praetereuntis
1200 2293 1328 2350 aquae.

315 2417 396 2476 Talis
420 2417 568 2477 sententia
593 2417 712 2492 qualem
736 2418 791 2476 hac
815 2418 1002 2493 epanaphora
1027 2418 1112 2493 (dum
1133 2452 1173 2461 —
1190 2411 1359 2494 dummodo)
1383 2432 1427 2472 ex-

316 2506 414 2565 titisse
438 2506 584 2576 cidemus,
610 2526 627 2564 a
649 2505 770 2565 Tibullo
793 2511 882 2581 poeta
906 2508 1062 2582 simplicis,
1087 2507 1235 2566 dilucidae
1258 2504 1431 2578 minimeque

316 2598 470 2655 tortuosae
493 2595 610 2654 dicendi
633 2595 759 2654 rationis
783 2596 986 2656 amantissimo
1009 2597 1144 2672 profecta
1169 2614 1230 2655 esse
1253 2614 1313 2653 non
1329 2594 1432 2669 pot-est.

318 2684 395 2755 Quid
420 2684 521 2743 enim?
560 2684 687 2742 Prorsus
710 2685 829 2761 legibus
852 2686 961 2762 logices
984 2688 1145 2763 repugnat.
1192 2684 1241 2742 An
1273 2684 1335 2743 tale
1366 2681 1436 2759 quid

317 2777 398 2833 recte
421 2773 536 2832 dictum
559 2776 719 2848 putemus:
753 2773 818 2851 Ego
850 2794 964 2850 pauper
991 2775 1165 2834 inertem
1195 2775 1301 2851 degam
1334 2772 1436 2842 vitam,

317 2863 477 2921 dummodo
502 2863 581 2921 curis
604 2881 719 2921 vacuus
751 2881 813 2922 esse
837 2864 948 2937 possim
970 2883 1024 2922 nec
1047 2882 1162 2939 semper
1189 2864 1296 2939 longao
1320 2861 1438 2920 deditus

318 2969 381 3011 esse
397 2951 487 3010 viae?
520 2951 612 3026 (Mich
628 2971 699 3027 mag
715 2952 794 3010 mein
809 2952 946 3011 bisschen
963 2953 1084 3012 armuth
1100 2953 1195 3011 durch
1212 2951 1258 3010 ein
1280 2951 1439 3009 thaten·

318 3042 426 3100 loses
457 3039 543 3100 leben
567 3041 693 3111 liihren;
725 3061 784 3098 nur
818 3041 880 3098 will
910 3042 957 3100 ich
989 3042 1067 3100 dann
1098 3042 1175 3103 auch
1202 3041 1260 3100 frei
1293 3039 1357 3098 sein
1380 3057 1438 3098 von

317 3149 426 3206 sorgen
457 3130 519 3188 und
543 3130 626 3188 nicht
650 3131 806 3208 bestandig
838 3130 894 3188 auf
913 3131 1168 3208 kriegsmbrschcn
1196 3130 1259 3190 sein
1282 3131 1439 3204 mussent)

317 3219 462 3292 Minime3
487 3219 589 3294 potuit
605 3219 703 3278 dicere
716 3219 856 3278 Tibullus
873 3223 944 3278 aut:
972 3219 1056 3298 „Ego
1072 3239 1187 3296 pauper
1202 3221 1330 3278 inertem
1344 3218 1441 3277 vitam

317 3309 436 3386 degam,
472 3309 545 3367 dum
579 3327 645 3367 meo
680 3327 774 3383 parvo
809 3311 967 3367 contentus
1002 3328 1063 3369 esse
1086 3309 1212 3385 possim,
1243 3309 1275 3368 id
1298 3311 1343 3367 est
1366 3308 1442 3365 dum

317 3399 405 3456 modo
417 3416 541 3456 securus
555 3397 718 3472 composito
730 3398 840 3472 possim
851 3397 959 3456 famem
972 3399 1122 3474 despicere
1132 3417 1237 3458 acervo
1247 3401 1288 3473 (v.
1299 3403 1317 3460 7
1322 3404 1339 3461 7
1347 3399 1440 3473 sq.)“‚

319 3492 392 3548 aut:
421 3486 488 3560 „Me
510 3506 577 3544 mea
599 3489 763 3562 paupertas
786 3487 850 3545 vita
873 3488 1032 3558 traducat,
1063 3488 1223 3547 dummodo
1246 3487 1358 3562 possim
1381 3503 1448 3544 non

318 3595 433 3651 semper
456 3576 562 3652 longae
597 3576 664 3634 viae
687 3575 807 3634 deditus
830 3580 924 3646 esse“,
948 3578 999 3636 sed
1025 3577 1101 3635 illud
1125 3577 1222 3636 dicere
1245 3595 1304 3635 non
1327 3574 1440 3650 potuit,

317 3684 381 3724 sese
396 3684 557 3740 pauperem
573 3664 699 3722 inertem
724 3664 820 3722 vitam
842 3666 949 3742 degere
972 3665 1058 3736 velle,
1082 3667 1170 3725 modo
1192 3665 1263 3725 belli
1286 3665 1441 3724 laboribus

318 3754 395 3813 liber
426 3756 512 3813 esset.
564 3753 631 3811 Una
663 3754 760 3830 igitur
791 3773 862 3814 voce
897 3755 1025 3828 „inerti“
1058 3774 1163 3814 versus
1197 3761 1215 3819 5
1245 3758 1342 3813 totam
1373 3773 1440 3812 sen-

318 3844 446 3903 tentiam
461 3843 593 3919 perverti
609 3843 711 3914 vides;
736 3863 828 3919 quam
843 3863 911 3902 cum
928 3844 1022 3904 eicere
1041 3864 1101 3904 non
1123 3845 1221 3917 lic-eat,
1245 3843 1441 3902 statuendum

409 4071 435 4138 1)
457 4073 535 4137 ,Mea
545 4073 715 4143 paupertas“
731 4091 787 4128 non
805 4075 834 4127 id
854 4077 896 4129 est
915 4075 989 4142 quod
1002 4074 1145 4128 Disaenius
1158 4078 1187 4128 et
1199 4075 1318 4128 Haasius
1337 4071 1395 4144 (pg.
1407 4074 1442 4126 14

319 4145 523 4199 dissertationis
542 4163 627 4215 supra
645 4144 827 4205 memoratae)
844 4147 1057 4210 intellexerunt,
1076 4146 1172 4216 inopia
1189 4147 1235 4200 vel
1254 4149 1372 4216 egestas,
1391 4146 1441 4200 scd

318 4233 549 4342 ppppaarrppgssrlcs
567 4217 725 4282 farniliaris,
744 4236 862 4288 parvum
879 4234 982 4282 meum,
1000 4221 1034 4271 ut
1052 4235 1102 4271 nos
1121 4217 1253 4271 dicimus:
1277 4218 1353 4272 mein
1371 4217 1441 4270 biss-
