3240 5006
767 410 987 468 ..10-

608 579 648 636 11.
666 579 708 634 Ile
726 579 878 648 excerptis
896 579 1142 648 rrrsrngensrbus.

405 706 568 782 Postquam
600 707 752 766 Lucienus
785 709 950 768 Muellerus
966 707 989 789 ¹)
1026 709 1161 768 evincere
1199 710 1335 782 studuit,
1363 709 1436 767 'Fri-

315 795 501 873 singensium
530 796 694 872 scripturas
735 817 804 857 cum
842 799 963 856 nullum
1000 798 1240 874 interpolationis
1271 798 1437 875 vestigium

315 886 509 960 praeberent,
542 887 784 945 evetustissimo
815 887 914 946 codice
946 907 1040 962 eoque
1063 891 1187 963 optumo
1221 889 1311 963 atque
1336 899 1435 946 ernen-

315 973 469 1034 datissime
492 973 639 1050 originem
662 976 800 1046 duxisse,
825 976 916 1036 ceteri
940 995 1039 1035 omnes
1063 978 1116 1052 qui
1139 977 1176 1036 de
1200 978 1310 1037 haere
1333 979 1436 1052 postea

315 1063 508 1139 seripserunt,
533 1064 619 1123 velut
641 1063 787 1125 Ernestus
810 1065 986 1125 Protzenius
1009 1065 1040 1122 in
1063 1066 1196 1140 1111011οἳ)
1217 1068 1265 1144 de
1289 1066 1434 1141 excerptis

316 1152 495 1212 Tibullianis
519 1155 549 1211 et
561 1152 709 1213 Aemilius
725 1154 903 1214 Baehresius
916 1155 947 1212 in
964 1153 1102 1213 editionis
1119 1172 1191 1214 suae
1205 1155 1433 1233 prolegomenis

314 1242 391 1301 hane
423 1241 601 1301 sententiam
633 1242 728 1302 secuti
757 1246 861 1304 contra
889 1244 989 1318 ipsum
1017 1243 1151 1302 omnium
1174 1244 1363 1321 integrorum
1386 1263 1434 1304 eo·

314 1332 414 1412 dicum
438 1349 614 1390 consensum
639 1332 730 1390 etiarn
753 1332 900 1391 scribendi
928 1331 1075 1390 rationem
1107 1351 1184 1406 quae
1207 1332 1238 1389 in
1262 1332 1434 1410 Frisingen-

315 1421 398 1480 sibus
422 1419 592 1493 adhibetur,
616 1420 647 1478 in
660 1421 804 1480 editiones
823 1420 1021 1495 recipiendam
1039 1438 1102 1478 0000
1115 1423 1298 1480 statuerunt.
1333 1422 1442 1497 Atque

315 1513 394 1569 certe
418 1509 539 1585 quidem
561 1509 671 1586 insigni
694 1509 752 1569 fide
774 1501 931 1568 nonnullas
955 1509 1066 1567 Tibulli
1098 1508 1263 1583 scripturas
1297 1514 1436 1586 excerpta

315 1599 369 1657 illa
399 1601 614 1668 servaverunt,
647 1598 757 1673 quibus
790 1598 901 1673 partim
934 1598 1100 1656 alterutrae
1130 1597 1266 1657 codicum
1293 1599 1435 1659 lectiones

315 1687 531 1747 confirmantur
544 1685 588 1762 ³),
620 1687 732 1762 partim
762 1687 819 1746 loci
852 1687 986 1763 corrupti
1001 1731 1003 1736 .
1017 1687 1128 1762 optime
1160 1687 1354 1764 corriguntur
1385 1690 1435 1748 vel

315 1796 419 1836 versus
443 1775 618 1835 emendandi
640 1795 711 1836 ansa
734 1778 896 1852 praebetur
906 1774 943 1850 4).
990 1775 1095 1851 Neque
1126 1777 1217 1835 codex
1240 1777 1283 1848 10,
1316 1797 1351 1836 ex
1375 1797 1434 1853 quo

316 1869 454 1943 excerpta
484 1864 618 1940 profecta
641 1870 729 1940 sunt,
753 1867 846 1925 ullam
879 1865 1118 1941 interpolationis
1150 1867 1355 1944 contagionem
1385 1888 1435 1927 ex-

315 1958 419 2031 pertus
443 1972 505 2015 esee
528 1954 667 2027 videtur3
691 1976 760 2014 nam
773 1973 877 2015 versus
889 1954 957 2013 illos
977 1955 1112 2014 consulto
1129 1958 1338 2027 commutatos
1360 1976 1435 2032 quos

315 2045 346 2102 in
368 2045 441 2120 ipsis
465 2043 706 2121 Frising'ensibus
729 2044 946 2120 deprehendere
970 2061 1145 2119 possumus,
1171 2044 1273 2125 siqui
1297 2049 1434 2120 excerpta

315 2133 449 2203 confecit,
473 2151 531 2191 nou
556 2132 663 2193 codicis
686 2134 800 2194 vetusti
822 2133 945 2192 librario
978 2133 1154 2192 tribuendos
1186 2151 1247 2191 0000
1271 2134 1375 2191 statim
1397 2153 1432 2192 ex

314 2225 378 2299 ipso
401 2221 640 2297 interpolationis
663 2243 770 2301 genere
793 2223 961 2299 apparebit.
1013 2221 1141 2282 Versum
1165 2221 1285 2296 quidem
1308 2219 1332 2294 Ι,
1358 2225 1387 2290 4,
1412 2225 1430 2284 9

315 2313 406 2373 001011
429 2312 542 2372 codices
566 2316 648 2372 recte
672 2312 811 2372 exhibent
834 2313 945 2371 talem:

474 2399 499 2460 0
523 2400 596 2479 fuge
619 2405 650 2461 te
672 2405 792 2462 tenerae
815 2421 977 2478 puerorum
1003 2402 1120 2461 credere
1143 2401 1261 2471 turbae,

314 2491 405 2552 codex
429 2491 627 2569 Frisingensis
650 2491 802 2552 levissima
826 2491 946 2567 quidem
968 2489 1180 2548 immutatione
1199 2489 1290 2547 unius
1314 2486 1434 2544 litterae

314 2581 493 2640 sententiam
516 2582 676 2655 paululum
699 2584 823 2657 praebet
846 2580 1108 2641 transformatam:
1143 2577 1167 2636 Ο
1192 2577 1291 2656 fugite
1313 2579 1435 2636 tenerae

314 2690 339 2730 0.
365 2691 393 2746 q.
419 2688 463 2745 sq.
488 2669 513 2744 I,
540 2674 569 2740 9,
595 2675 636 2734 45
661 2689 714 2746 010
738 2669 853 2730 Tibulli
876 2688 983 2729 versu:

420 2819 421 2822 ,
519 2758 596 2817 Tum
619 2760 709 2819 miser
730 2759 842 2833 interii,
867 2758 961 2818 stulte
984 2755 1111 2816 confisus
1136 2753 1229 2812 amari

313 2848 344 2905 iu
368 2847 514 2923 excerptis
537 2849 684 2924 scriptum
715 2849 843 2926 legitur:
875 2847 899 2908 Ο
923 2846 1013 2904 miser
1044 2842 1146 2901 interii
1170 2861 1194 2900 e.
1219 2861 1248 2916 q.
1273 2859 1329 2915 sq.,
1353 2840 1434 2899 unde

313 2935 424 2995 iniuria
446 2936 598 2997 Lucienus
622 2938 787 2998 Muellerus
819 2935 946 2998 coniecit
977 2934 1009 2992 in
1032 2933 1210 3005 textumque
1242 2927 1372 3004 recepit:
1406 2929 1434 2986 A
1483 2939 1489 2948 ·

313 3025 403 3084 miser
426 3028 481 3090 010.

404 3202 430 3269 1)
448 3205 621 3260 Fleckeiseni
641 3204 734 3258 annal.
754 3202 808 3256 vol.
829 3201 872 3266 99,
891 3218 937 3268 pg.
958 3197 992 3250 63
1012 3216 1071 3266 sqq.
1093 3200 1121 3251 01
1139 3197 1168 3250 in
1187 3214 1271 3250 carm.
1292 3195 1352 3249 (lat.
1372 3194 1433 3248 Tib.

313 3275 394 3345 Prop.
414 3278 533 3345 praefat.
552 3295 599 3346 pg.
619 3275 693 3329 VIII.

404 3363 430 3430 2)
450 3365 559 3419 dissert.
579 3361 763 3432 inauguralis,
788 3359 1029 3429 Gryphiswaldiae
1043 3376 1067 3412 a.
1084 3357 1152 3411 1869
1167 3357 1251 3422 edita,
1265 3375 1312 3426 pg.
1328 3355 1360 3407 10
1373 3374 1433 3424 sqq.

403 3452 430 3520 3)
449 3454 528 3508 velut
546 3471 571 3507 v.
591 3452 612 3518 I,
634 3451 656 3516 l,
677 3451 705 3502 2:

599 3524 635 3578 Et
653 3524 750 3576 teneat
768 3519 837 3574 culti
856 3519 953 3588 iugera
971 3519 1061 3572 multa
1080 3519 1140 3584 0011,

314 3614 398 3664 quam
408 3596 557 3650 lectionem
564 3595 618 3648 nisi
626 3591 815 3661 Frisingensia
824 3591 995 3656 exhiberent,
1005 3590 1135 3658 equidem
1144 3589 1269 3643 codicum
1277 3590 1434 3641 nostrorum

259 3683 262 3691 ·
313 3667 481 3736 scripturam
512 3666 644 3736 ,magna⁴
678 3663 792 3717 minime
823 3680 995 3732 respuerem
1025 3659 1235 3729 ypaprrolrepov
1262 3658 1337 3713 eninr
1363 3658 1434 3712 illud

317 3757 436 3808 ,inagna
454 3737 566 3861 iulgera‘*
594 3736 700 3791 dictum
725 3734 795 3788 mihi
812 3734 940 3788 videtur:
966 3733 1096 3788 similiter
1113 3731 1274 3802 Propertius
1299 3730 1320 3795 I,
1340 3730 1364 3794 5,
1385 3729 1433 3782 10:

315 3813 422 3878 quanta
440 3809 479 3861 mi
492 3827 527 3862 10.

402 3897 430 3964 4)
449 3898 528 3952 velut
545 3915 570 3951 v.
589 3897 611 3962 I,
631 3895 655 3956 2.
677 3895 721 3949 19:

563 3969 617 4022 Illa
635 3968 717 4022 docet
734 3965 814 4021 molli
831 3965 930 4019 furtim
949 3965 1080 4034 derepere
1098 3964 1180 4028 lecto,

314 4041 362 4095 ubi
381 4040 467 4096 ceteri
486 4057 581 4095 omnes
599 4040 689 4093 multo
715 4037 876 4108 languidius
896 4037 1042 4091 exhibent:
1069 4035 1209 4090 decedere.
1247 4033 1288 4088 De
1312 4051 1394 4100 versu
1412 4033 1434 4098 I,

315 4114 339 4178 1,
359 4113 393 4164 25
412 4130 429 4166 a
450 4111 514 4167 viris
533 4111 622 4166 doctis
641 4109 825 4164 multifariam
844 4110 992 4178 temptato,
1012 4107 1148 4177 posterius
1167 4106 1197 4158 in
1209 4105 1364 4175 appendice
1378 4123 1434 4172 0110

314 4186 349 4239 de
367 4183 458 4254 prima
471 4183 562 4253 elegia
580 4181 794 4255 transponendis
808 4179 932 4237 versibus
944 4179 1119 4237 emendanda
1129 4177 1302 4243 disseremus,
1322 4176 1433 4232 uberius

315 4255 512 4333 disputabitur.
