3240 5006
606 446 808 503 .„5„‚

239 623 295 693 III,
320 627 358 693 4,·
377 625 418 685 89
444 621 467 678 F
492 620 574 678 solus
598 617 735 677 exhibet:

289 710 451 787 Scyllaque
474 708 642 786 virgineam
666 707 792 768 canibus
815 708 966 768 succincta
989 708 1128 785 figuram,

151 801 240 861 ceteri
263 819 382 860 omnes:
411 797 600 874 „submixta“
628 797 675 857 vel
702 797 887 871 „submista“
915 800 1019 873 aperta
1041 796 1270 873 interpolatione

150 891 284 950 tradunt.

237 978 294 1050 III,
321 984 350 1048 6,
377 982 417 1041 23
443 975 467 1034 F
490 974 611 1036 scribit:
755 1055 756 1058 Ἴ

301 1066 411 1137 Quales
434 1065 480 1124 his
504 1083 612 1140 poenas
636 1064 734 1139 qualis
758 1068 951 1141 quantusque
974 1064 1117 1136 minetur,

147 1158 184 1217 de
216 1177 278 1233 qua
312 1155 439 1215 lectione
469 1154 606 1230 quamvis
629 1152 741 1231 frigida
764 1155 917 1227 atinam,
951 1154 982 1212 in
1005 1153 1154 1231 Lygdami
1177 1173 1268 1213 versu

147 1247 289 1305 dubitare
312 1263 371 1303 non
392 1243 512 1316 licebit3
539 1243 629 1302 ceteri
652 1243 780 1302 codices:
807 1242 916 1313 Quales
939 1243 985 1302 his
1000 1262 1109 1318 poenas
1124 1243 1198 1303 deus
1222 1243 1270 1302 hic

148 1338 358 1410 quantumque
382 1337 393 1409 (
396 1333 460 1392 vel:
485 1336 705 1409 quaecumque)
729 1333 871 1392 minetur.

237 1423 290 1494 IV,
317 1429 345 1493 6,
372 1427 412 1487 62
437 1421 461 1480 F
485 1423 625 1498 praebet:

337 1512 383 1570 Tu
407 1529 483 1587 puer
504 1511 525 1585 i,
549 1511 701 1586 liquidum
726 1511 836 1570 fortius
859 1511 934 1570 adde
956 1531 1084 1584 merum,

147 1601 258 1677 optime
282 1604 318 1661 ut
340 1601 478 1672 videtur,
510 1619 564 1676 pro
588 1619 622 1661 eo
646 1602 725 1677 quod
756 1601 788 1659 in
816 1601 922 1662 ceteris
946 1603 1102 1660 exaratum
1127 1602 1188 1659 est:
1221 1599 1269 1659 Tu

145 1710 222 1767 puer
245 1693 276 1750 et
299 1691 450 1766 liquidum
474 1709 498 1748 e.
524 1710 553 1765 q.
579 1708 602 1748 s.

235 1779 289 1853 IV,
318 1784 345 1853 1,
372 1784 412 1843 39
437 1779 468 1836 in
491 1779 514 1836 F
538 1778 698 1838 scribitur:

297 1869 377 1926 Nam
400 1866 469 1942 quis
491 1869 522 1927 te
545 1868 658 1927 maiora
681 1867 760 1944 gerit
783 1866 926 1927 castrisue
940 1870 979 1945 (t)
1004 1868 1116 1939 forove,

146 1958 239 2016 ceteri
271 1957 428 2016 exhibent:
465 1957 562 2033 „Nam
598 1957 711 2033 quique
741 1956 831 2030 tibi-“,
866 1955 1020 2033 „Quisque
1051 1957 1140 2028 tibi“‚
1175 1956 1268 2031 „Quis

146 2046 204 2105 tibi
226 2051 326 2117 nam“‚
352 2046 410 2105 alia
434 2049 538 2106 contra
562 2065 680 2106 sensum
705 2047 759 2105 aut
782 2064 887 2105 versus
911 2049 973 2106 met
1045 2090 1051 2104 .

234 2135 288 2206 IV,
317 2142 343 2207 1,
370 2142 428 2200 55:
453 2136 494 2194 F:
519 2137 626 2207 lothes,
650 2135 757 2195 ceteri:
781 2136 901 2211 ciclops

233 2225 286 2297 lv,
315 2233 341 2297 1,
368 2230 409 2289 70
433 2244 477 2301 sq.
501 2226 533 2283 in
555 2226 724 2302 fragmento
749 2227 847 2284 extat:

316 2314 408 2374 illurn
431 2315 511 2374 inter
534 2314 670 2391 geminae
692 2317 814 2373 nantem
837 2313 965 2373 confinia
988 2314 1093 2373 mortis

317 2403 380 2462 Nec
404 2401 521 2478 Scyllae
544 2421 633 2461 saevo
656 2403 823 2461 conterruit
846 2402 976 2477 impetus
999 2422 1060 2475 ore,

144 2491 255 2564 reliqui
279 2509 379 2549 omnes
412 2510 505 2567 prave
533 2490 675 2550 exhibent
708 2490 819 2564 „Illum
842 2491 1044 2568 tergeminae“
1079 2495 1109 2552 et
1143 2494 1265 2566 „orbe“.

232 2577 287 2649 IV,
316 2586 343 2652 1,
372 2584 432 2642 142
457 2597 562 2639 versus
586 2579 761 2638 emendandi
784 2580 808 2638 F
832 2584 912 2640 certe
940 2599 1042 2640 ansam
1065 2584 1188 2657 praebet
1212 2601 1265 2658 op·

143 2667 267 2740 timam3
292 2668 347 2727 hoc
372 2669 504 2728 enimin
530 2687 562 2727 eo
587 2671 670 2728 extat
693 2673 868 2730 exaratum:

317 2757 412 2817 Ardet
437 2758 563 2817 arectais
587 2761 642 2817 aut
664 2758 744 2817 unda
767 2759 941 2834 perbospita
964 2760 1085 2835 campie,

141 2846 232 2906 ceteri
255 2849 359 2906 contra
382 2847 452 2907 libri
476 2847 686 2925 gravissimam
709 2849 837 2908 tradunt
859 2849 1139 2924 interpolationem:

315 2953 427 3014 Creteis
451 2954 536 3013 ardet
560 2957 614 3014 aut
637 2956 718 3013 unda
741 2956 863 3015 caristia
886 2957 1008 3032 campis.

228 3057 282 3132 IV,
311 3067 338 3132 l,
366 3064 426 3124 185
459 3060 501 3119 F:
535 3060 677 3120 fecundas
718 3061 756 3122 ad
795 3061 963 3122 deficientia
997 3063 1118 3135 messis,
1153 3065 1261 3124 ceteri:

141 3147 276 3204 fecundis
299 3147 498 3208 indeficientia
520 3150 638 3209 mensis,

230 3233 283 3305 IV,
311 3241 338 3306 l,
365 3240 429 3300 200
452 3236 493 3295 F:
518 3238 645 3313 vincere,
671 3240 781 3300 ceteri:
806 3241 937 3301 mittere.

230 3322 284 3393 IV,
313 3331 340 3396 l,
366 3329 429 3388 205
453 3325 478 3383 F
502 3327 638 3387 exhibet:

269 3411 328 3474 Seu
352 3416 472 3473 matura
494 3415 556 3475 dies
580 3417 704 3478 celerem
727 3422 868 3494 properat
891 3420 965 3479 mihi
987 3423 1125 3493 mortem,

139 3505 307 3562 ceterorum
331 3503 482 3579 scriptura
520 3505 601 3580 „dies
624 3507 687 3566 fato
710 3513 871 3584 properat“
909 3529 943 3569 ex
975 3510 1154 3589 glossemate
1178 3511 1259 3569 vocis

139 3610 217 3666 quae
240 3596 285 3652 est
308 3593 380 3668 dies,
405 3596 471 3654 orta
494 3593 624 3654 videtur.

227 3698 280 3771 IV,
307 3705 335 3772 3,
362 3705 379 3765 3
405 3700 448 3760 F:
472 3701 595 3777 proelia,
620 3703 729 3763 ceteri:
754 3708 874 3780 pectora
897 3706 945 3765 vel
968 3708 1096 3782 pectore.

227 3788 280 3864 IV,
307 3795 335 3861 6,
362 3797 379 3854 7
404 3790 429 3848 F
452 3792 595 3867 praebet:

281 3877 324 3937 At
345 3882 391 3953 tu,
416 3883 530 3951 sancta,
554 3879 622 3940 fave
644 3900 704 3940 neu
728 3883 795 3958 quis
818 3883 942 3943 divellat
965 3888 1108 3958 amantes,

136 3967 246 4026 ceteri:
274 3987 404 4041 „nenos
428 3970 587 4044 divellat“‚
611 3970 685 4046 quin
709 3972 799 4031 etiam
824 3992 902 4048 „neu
926 3974 988 4034 ida

225 4074 279 4147 IV,
306 4080 334 4148 7,
360 4080 378 4139 5
402 4094 446 4152 sq.
470 4077 502 4135 in
525 4077 549 4135 F
573 4078 615 4137 sic
637 4078 820 4139 traduntur:

461 4183 528 4244 Mea
551 4184 662 4261 gaudia
684 4188 796 4258 narret,

393 4271 518 4334 Dicetur
542 4274 567 4332 si
590 4274 658 4354 quis
680 4293 740 4336 non
762 4275 901 4336 habuisse
923 4296 988 4352 sua,
