3240 5006
644 425 860 488 ...ΓΒ-

323 615 379 670 lll.
399 614 440 670 lle
459 613 594 672 l'lncentl
612 613 829 671 Bellovacensls
847 615 876 669 et
895 612 1039 681 scaligeri
1058 611 1176 680 eclogia.

279 745 324 804 De
349 745 497 820 excerptis
521 743 727 804 Vincentianis
760 764 838 820 quae
861 741 933 802 Otto
958 743 1118 803 Richterus
1141 742 1173 800 in
1203 741 1310 800 disser-

190 835 304 894 tatione
334 835 370 894 de
393 834 479 894 Vino.
511 833 660 893 Bellovac.
686 833 831 909 excerptis
862 830 1077 912 Tibullianis1)
1109 831 1310 902 contenderat,

190 924 335 984 Ernestns
358 923 534 983 Protzenius
557 923 588 981 in
612 923 714 984 libello
738 941 802 996 suc,
835 942 924 998 quem
955 939 1047 996 supra
1071 920 1310 990 memoravimus

191 1015 303 1090 optime
326 1013 464 1074 correxit.
513 1012 580 1071 Non
604 1013 683 1071 enim
699 1012 838 1072 Vincenti
862 1011 977 1088 eclogas
994 1011 1112 1069 easdem
1135 1029 1196 1070 esse
1220 1012 1312 1084 atque

191 1102 397 1180 Scaligeranas
420 1122 517 1178 neque
541 1101 629 1160 illum
644 1102 755 1161 saeculi
769 1100 846 1159 XIII
864 1101 1040 1176 scriptorem
1063 1099 1181 1174 integro
1198 1098 1310 1157 Tibulli

191 1193 292 1250 codice
316 1210 406 1250 usum
430 1210 501 1262 esse,
535 1191 585 1251 sed
610 1210 645 1249 ex
668 1210 729 1249 uno
754 1191 916 1265 eodemque
940 1192 1032 1264 atque
1056 1208 1125 1248 eum
1149 1188 1203 1264 qui
1219 1187 1311 1248 Scali-

193 1281 258 1358 geri
282 1281 398 1358 eclogas
422 1279 606 1357 conscripsit,
640 1279 774 1338 hausisse
806 1279 898 1348 fonte,
931 1278 1019 1338 certis
1050 1278 1219 1337 rationibus
1242 1296 1311 1352 pro-

192 1370 287 1428 bavit.
334 1369 428 1439 Quem
451 1370 565 1430 fontem
581 1388 650 1428 cum
665 1389 715 1446 pg.
731 1373 772 1433 36
798 1370 929 1428 censeret
945 1367 1132 1444 florilegium¹
1142 1367 1312 1425 Parisinum

192 1478 250 1518 non
273 1459 375 1532 fuisse,
400 1477 471 1518 casu
487 1458 583 1536 magis
601 1477 694 1534 quam
718 1458 806 1532 culpa
821 1457 967 1516 erravisse
991 1456 1129 1515 videtur:
1154 1455 1209 1514 tali
1233 1455 1311 1514 enim

191 1547 419 1608 ratiocinatione
442 1567 516 1607 usus
541 1550 595 1620 est,
620 1545 814 1606 Vincentium
841 1546 866 1604 si
890 1545 1206 1621 Nostradamensem²)
1231 1545 1311 1605 codi-

191 1658 264 1709 cem,
282 1657 372 1714 quem
384 1638 484 1716 solum¹
493 1658 529 1697 ex
541 1635 705 1695 Woelfflini
717 1635 920 1711 disputatione
933 1637 1115 1712 cognoverat
1127 1633 1310 1705 Protaenius,

191 1728 395 1802 excerpsisset,
421 1746 480 1786 non
496 1726 662 1786 Tibulliam
677 1728 798 1806 poetam
821 1724 913 1784 fuisse
929 1727 1118 1794 vocaturum,
1144 1743 1212 1783 cum
1227 1723 1311 1780 Pari-

191 1817 257 1874 sina
281 1818 421 1891 excerpta
450 1815 701 1875 inscriberentur:
741 1813 899 1889 „Tibullus
932 1813 968 1872 de
994 1813 1139 1872 felicitate
1171 1811 1312 1887 pauperis

192 1904 311 1977 vitae“;
347 1923 443 1979 neque
466 1907 528 1963 tres
552 1905 630 1964 locos
655 1924 672 1962 a
696 1903 841 1980 florilegio
866 1903 977 1962 alienos
1000 1901 1025 1973 Ι,
1053 1907 1081 1974 1,
1109 1907 1204 1966 1-4.
1229 1900 1254 1972 Ι,
1281 1907 1311 1972 8,

194 1997 246 2057 46.
271 1992 296 2065 Ι,
324 1998 352 2064 9,
379 1997 418 2056 52
444 1994 548 2053 afferre
571 1993 715 2069 potuisse.

282 2083 325 2140 At
348 2085 450 2141 extant
473 2082 504 2141 iu
527 2086 658 2158 utroque
682 2081 822 2158 florilegii
844 2080 973 2140 Parisini
1002 2080 1101 2140 codice
1125 2097 1230 2140 versus
1254 2078 1310 2152 illi,

193 2174 223 2230 et
238 2189 343 2231 nomen
356 2171 482 2231 Tibullii
505 2172 558 2230 illa
574 2175 674 2230 aetate
688 2171 844 2230 hominum
860 2170 985 2229 auribus
1008 2173 1071 2228 tam
1092 2172 1160 2246 apte
1177 2169 1310 2227 sonuisse

191 2261 321 2334 videtur,
346 2264 383 2320 ut
406 2261 479 2320 haec
502 2261 630 2320 nominis
654 2260 749 2319 forma
774 2263 850 2318 esset
873 2259 1088 2331 usitatissima;
1117 2259 1148 2317 id
1172 2259 1252 2338 quod
1277 2274 1312 2316 ex

77 2395 91 2408 s
192 2368 225 2408 eo
250 2349 380 2409 efficitur
404 2351 486 2424 quod
518 2350 609 2408 etiam
637 2350 662 2408 is
695 2349 748 2425 qui
772 2349 973 2426 Frisingensia
1005 2350 1143 2423 excerpta
1173 2346 1310 2420 confecit,

133 2481 139 2492 .
193 2439 305 2496 saeculi
316 2438 361 2494 XI
385 2437 599 2514 grammaticus
610 2437 645 2514 ³),
670 2439 802 2513 primum
818 2437 937 2514 scripsit
953 2437 1086 2508 Tibullii,
1110 2441 1212 2512 postea
1228 2437 1311 2513 geni-

194 2525 293 2584 tivum
315 2527 418 2585 littera
441 2527 451 2584 i
476 2545 559 2585 erasa
582 2527 612 2584 in
636 2527 750 2586 Tibulli
772 2528 899 2587 formam
932 2526 1079 2598 mutavit3
1115 2527 1175 2585 huc
1199 2526 1313 2585 accedit

194 2615 273 2690 quod
304 2615 367 2690 ipse
391 2614 545 2674 Parisinus
576 2617 651 2675 alter
686 2617 769 2680 7647
804 2636 893 2691 quem
922 2617 1099 2692 Meynckius
1130 2615 1311 2691 divulgavit,

193 2704 313 2763 exbibet
339 2704 537 2778 „Tibullius.“
587 2705 792 2764 Certissimum
809 2725 879 2765 vcro
905 2706 1193 2782 argumentumque
1209 2709 1312 2762 nostra

192 2793 345 2852 sententia
365 2796 519 2868 probetur,
555 2796 611 2855 boc
640 2795 714 2853 mibi
738 2795 869 2869 videtur,
903 2796 984 2870 quod
1007 2794 1037 2852 in
1061 2793 1212 2853 Vincentii
1235 2793 1311 2852 libro

192 2885 222 2941 et
244 2883 275 2940 in
299 2882 452 2961 florilegiis
476 2883 620 2942 Parisinis
653 2885 772 2943 eaedem
795 2885 988 2959 reperiuntur
1010 2901 1154 2942 versuum
1177 2883 1311 2956 lacunae,

191 2971 330 3031 velutin
353 2971 411 3046 111,
438 2978 467 3044 3,
496 2979 532 3036 11
559 2991 616 3050 sq,
647 2973 702 3031 ubi
732 2973 770 3031 in
795 2973 935 3049 utrisque
967 2973 1113 3047 excerptis
1136 2989 1241 3032 versus
1269 2977 1310 3035 14

193 3063 223 3118 et
250 3067 287 3122 15
313 3063 385 3118 sunt
408 3061 517 3119 omissi.

284 3145 359 3204 Cum
374 3147 471 3224 igitur
482 3149 697 3210 Vincentianae
714 3151 832 3229 eclogae
847 3170 907 3210 non
922 3151 979 3211 nisi
995 3150 1172 3210 lectionibus
1188 3150 1312 3209 minutis

194 3234 372 3312 aflorilegii
393 3235 521 3296 Parisini
551 3240 650 3299 codice
674 3242 835 3316 archetypo
867 3241 1044 3316 discrepent,
1081 3259 1177 3315 neque
1200 3239 1311 3299 maiore

193 3343 284 3398 quam
315 3323 391 3382 illud
420 3324 512 3385 fuisse
545 3329 661 3387 ambitu
684 3329 854 3401 videantur,
888 3330 961 3405 quin
996 3329 1086 3389 etiam
1118 3329 1239 3389 lacunas
1264 3349 1311 3388 ex-

192 3413 316 3472 hibeant
339 3414 467 3486 easdem,
492 3415 685 3476 Vincentiam
707 3419 806 3478 codice
822 3419 952 3494 quodam
968 3418 1107 3496 florilegii
1124 3417 1206 3478 illius
1222 3437 1312 3478 usum

168 3534 170 3538 ·
192 3520 255 3562 esse
278 3507 412 3578 apparet.

282 3590 362 3661 Quas
386 3596 488 3653 autem
511 3592 643 3672 Scaliger
665 3595 803 3656 adhibuit
827 3597 943 3674 eclogas
966 3597 1152 3657 Tibullianas
1176 3617 1212 3656 ex
1227 3596 1310 3654 Pari-

193 3679 257 3738 sino
280 3680 420 3760 florilegii
444 3701 604 3757 emanasse,
632 3683 688 3743 hac
709 3687 826 3746 ratione
848 3689 948 3762 potest
972 3687 1078 3746 evinci.
1126 3684 1209 3755 Quae
1232 3687 1311 3745 inter

192 3771 322 3845 utraque
347 3775 486 3847 excerpta
502 3775 606 3832 extant
622 3773 836 3850 discrepantiae
859 3776 1028 3836 levissimae
1044 3794 1175 3852 casuque
1192 3780 1311 3835 exortae

191 3863 272 3918 sunt.
319 3859 362 3919 Ut
384 3880 480 3936 pauca
496 3862 618 3922 afferam
635 3864 776 3939 exempla,
801 3865 832 3923 in
848 3865 901 3929 lib.
925 3863 950 3940 I,
979 3871 1006 3937 1,
1032 3871 1074 3929 44
1094 3868 1232 3940 excerpta
1256 3884 1311 3924 sua

282 4087 308 4154 1)
328 4090 488 4145 dissertatio
507 4109 531 4146 a.
553 4091 621 4146 1865
640 4093 754 4149 Bonnae
773 4095 882 4150 emissa.

280 4178 307 4244 2)
327 4180 357 4232 id
376 4184 418 4234 est
436 4181 593 4235 Parisinum
612 4190 644 4236 11ο
661 4184 754 4240 17903.

279 4267 307 4336 3)
325 4271 371 4324 vel
390 4270 483 4341 potius
502 4270 631 4326 librarius
650 4274 735 4342 paulo
753 4273 897 4328 recentior.
