3240 5006
768 423 986 488 ..34-

316 595 371 666 est,
409 594 487 652 Nam
510 594 613 671 paucis
636 596 697 656 illis
720 598 792 658 locis
816 599 927 676 quibus
943 619 1012 660 cum
1028 601 1266 680 Guelferbytano
1288 607 1436 685 congruit,

315 683 486 745 coniectura
510 685 557 744 vel
581 703 652 744 casu
675 686 783 748 codicis
807 690 997 749 Ambrosiam
1020 684 1110 754 lectio
1130 683 1291 755 immutata
1305 696 1436 771 videtur,

314 773 416 831 velut:
442 772 466 844 I,
488 780 514 847 1,
533 778 592 837 78:
617 774 784 851 Despiciam
805 777 892 836 dites.
928 779 952 849 l,
972 786 1000 850 5,
1019 786 1079 845 32:
1105 783 1251 843 detrahet.
1285 784 1434 856 1,o,39:

312 861 432 925 faceres.
466 862 520 933 lV,
546 867 576 934 3,
603 869 662 928 20:
687 867 784 925 tende.
824 866 935 926 Versus
960 868 984 938 I,
1013 864 1070 944 10,
1097 877 1137 936 lu
1162 873 1318 933 lectionem
1344 875 1438 952 „iuga

314 951 443 1025 panda“,
477 971 531 1028 pro
564 972 623 1028 qua
653 953 747 1029 ipsius
779 954 892 1016 familia
917 958 1036 1018 exhibet
1063 955 1154 1037 ,iuga
1178 967 1303 1034 curva“,
1329 984 1436 1040 quam·

313 1059 406 1115 quam
441 1043 471 1099 et
503 1041 534 1098 in
558 1040 797 1119 Guelferbytano
822 1048 852 1104 et
875 1045 905 1103 in
930 1049 1077 1123 excerptis
1099 1049 1242 1110 Parisinis
1267 1054 1349 1112 extat
1372 1053 1436 1127 illa,

311 1133 411 1277 tupi}
437 1150 473 1190 ex
488 1128 577 1189 Ovidi
594 1151 651 1190 am.
669 1132 721 1192 lib.
740 1133 764 1204 1,
787 1138 836 1204 13,
858 1140 907 1209 16,
933 1155 993 1212 quo
1017 1137 1130 1198 Tibulli
1153 1158 1274 1199 versum
1298 1141 1437 1204 imitatus

312 1237 342 1276 es
410 1237 477 1279 aso:

476 1327 595 1401 „Prima
618 1346 705 1387 vocas
728 1330 829 1390 tardos
853 1333 909 1392 sub
932 1332 1005 1409 iuga
1029 1335 1128 1409 panda
1150 1337 1273 1408 boves“,

311 1437 450 1518 haustam
474 1456 545 1512 esse,
571 1438 745 1515 quicunque
767 1439 940 1499 Parisinum
964 1440 988 1498 B
1012 1460 1080 1500 cum
1105 1439 1342 1518 Guelferbytano
1365 1462 1437 1502 con·

311 1527 428 1596 tulerit,
452 1527 525 1585 mihi
549 1528 733 1589 concedet¹l.

398 1615 464 1674 Iam
486 1616 567 1676 bunc
598 1617 728 1676 codicem
759 1617 885 1676 missum
916 1617 1061 1678 faciamus
1089 1619 1179 1677 etad
1204 1622 1316 1680 ceteros
1339 1620 1438 1681 Lach-

309 1705 410 1763 mauni
434 1705 545 1772 libros,
575 1704 790 1766 Eboracensem
823 1703 858 1764 ΑΙ
882 1711 912 1765 11
943 1707 1079 1766 codicum
1112 1707 1270 1780 Wittiaui,
1304 1709 1437 1782 Datiani,

309 1793 480 1854 Askewiani
503 1794 617 1854 fontem
641 1814 828 1856 communem
851 1794 873 1854 O
897 1796 1106 1856 examinandos
1128 1800 1326 1857 transeamus.

521 2031 571 2088 rv.
590 2031 631 2086 ue
649 1999 1065 2087 certissimarum
1084 2033 1114 2087 u
1134 2034 1165 2087 a
1183 2031 1211 2088 c.

375 2159 491 2230 'Quam
516 2159 651 2218 celeriter
675 2158 715 2218 eis
739 2157 940 2234 temporibuS,
965 2161 1077 2234 quibus
1101 2159 1171 2220 libri
1194 2159 1429 2220 Lachmanniani

307 2247 408 2308 ABG
432 2248 546 2308 exarati
576 2249 666 2320 sunt,
697 2248 947 2323 interpolatorum
978 2249 1131 2307 temeritas
1155 2248 1369 2325 corruptioque
1391 2250 1424 2306 li-

306 2341 431 2398 brorum
453 2337 659 2413 processerint,
685 2357 720 2396 ex
743 2337 843 2397 codice
859 2336 1005 2410 Parisino,
1030 2337 1084 2415 qui
1108 2336 1229 2415 quidem
1246 2338 1342 2398 multo
1366 2357 1421 2396 ma-

307 2428 353 2504 gis
376 2426 525 2486 foedatam
550 2428 674 2502 praebet
697 2427 824 2502 speciem
847 2445 940 2502 quam
971 2427 1104 2487 eiusdem
1136 2426 1239 2502 stirpis
1263 2426 1428 2486 Vaticanus

306 2516 408 2592 paucis
432 2514 581 2576 decenniis
605 2519 674 2575 ante
697 2516 837 2592 scriptus,
862 2534 953 2592 supra
977 2517 1050 2576 satis
1073 2516 1286 2576 intelleximus.
1320 2516 1430 2592 Itaque

306 2624 391 2664 nemo
414 2605 580 2664 mirabitur
600 2605 725 2664 eundem
749 2606 797 2664 vel
827 2605 917 2665 etiam
942 2605 1084 2664 maiorem
1112 2605 1334 2680 depravationis
1358 2624 1429 2680 pro-

306 2712 441 2771 gressum
472 2694 504 2751 in
537 2693 636 2753 codice
668 2713 788 2768 quoque
812 2693 992 2753 Eboracensi
1015 2694 1204 2770 deprehendi.
1253 2693 1312 2764 Qui
1335 2695 1427 2752 codex

306 2803 489 2858 quamquam
523 2783 707 2842 Lachmanni
722 2781 748 2859 ²)
784 2783 896 2842 iudicio
927 2782 1181 2858 praeclarissimus
1215 2784 1427 2855 recentiorum,

305 2890 364 2930 nou
398 2872 487 2930 modo
520 2871 670 2931 Italorum
709 2871 846 2931 versibus
885 2871 1114 2944 commenticiis,
1154 2872 1266 2947 quibus
1304 2873 1427 2930 lacunas

305 2964 423 3036 apertas
447 2962 610 3020 studebant
626 2961 753 3036 explere,
777 2961 957 3036 inquinatus
981 2963 1035 3028 est,
1061 2962 1113 3020 sed
1129 2962 1297 3037 complures
1312 2960 1428 3020 Tibulli

304 3068 408 3109 versus
432 3050 594 3127 genuinos,
626 3051 712 3110 velut
734 3049 760 3122 Ι,
786 3055 816 3120 2,
842 3055 893 3114 25.
920 3055 971 3115 26.
1007 3049 1061 3119 IV,
1091 3057 1123 3121 l,
1149 3055 1191 3113 lc
1214 3051 1303 3126 plane
1326 3048 1428 3110 omisit

303 3157 400 3214 neque
415 3139 513 3198 ullum
529 3139 590 3198 fere
613 3140 713 3200 locum
729 3139 889 3214 paululum
905 3138 1102 3197 difficiliorem
1125 3138 1277 3199 intactum
1292 3138 1427 3213 reliquit.

302 3227 361 3288 Sed
385 3228 441 3287 etsi
463 3229 510 3288 bis
534 3228 615 3287 vitiis
638 3228 708 3289 libri
739 3227 904 3288 auctoritas
937 3227 1092 3302 aliquanto
1125 3227 1293 3300 minuitur,
1325 3231 1427 3288 tamen

302 3335 361 3376 non
385 3336 470 3377 omne
493 3317 625 3393 pretium
657 3319 694 3376 ob
719 3337 783 3376 eam
805 3336 868 3377 rem
893 3317 920 3376 ei
943 3320 988 3376 est
1012 3317 1257 3390 abiudicandum‚
1283 3317 1425 3392 quoniam

303 3407 391 3466 certis
415 3406 619 3483 argumentis,
657 3426 692 3465 ex
724 3425 784 3481 quo
817 3407 895 3467 libro
918 3405 1041 3465 fluxerit
1064 3405 1108 3484 (id
1131 3406 1212 3480 quod
1234 3405 1266 3464 iu
1290 3405 1426 3464 Parisino

301 3496 399 3556 facere
422 3496 522 3577 licuit)
548 3495 683 3555 evincere
707 3495 877 3571 nequimus.
924 3493 990 3554 Hoc
1020 3498 1099 3555 certe
1129 3495 1190 3552 iam
1220 3514 1301 3555 nuuc
1324 3514 1360 3554 er
1383 3494 1426 3552 eis

302 3604 377 3660 quas
392 3588 423 3643 in
440 3585 539 3645 codice
555 3583 580 3641 B
596 3585 754 3644 tractando
770 3584 963 3659 protulimus,
980 3582 1175 3644 Eboracensis
1193 3580 1228 3641 Αι
1245 3583 1425 3643 lectionibus

302 3693 445 3751 apparere
479 3673 554 3731 mihi
588 3660 727 3744 videtur,
757 3673 840 3733 aliud
874 3673 1060 3751 cognationis
1094 3691 1188 3750 genus
1211 3671 1303 3748 idque
1326 3673 1425 3732 multo

391 3898 417 3966 1)
437 3900 574 3956 Similiter
599 3902 630 3956 in
654 3903 735 3971 Prop.
759 3921 786 3957 v.
806 3902 845 3967 Π,
865 3901 913 3966 21,
933 3902 948 3954 6
975 3901 1047 3955 mira
1066 3899 1122 3955 Ι1111
1147 3899 1270 3954 varietas
1295 3898 1424 3954 lectionis

301 3972 428 4026 codicum
445 3972 656 4028 Darentriensis
676 3976 704 4028 et
713 3973 846 4028 Vaticani
868 3973 996 4038 ,credula
1014 3972 1099 4026 turba
1117 3970 1206 4025 iaces“
1228 3988 1277 4041 pro
1295 3971 1425 4036 ,credula

301 4044 360 4098 sola
379 4043 468 4098 iaces“
491 4061 525 4098 ex
544 4045 698 4098 Tibulliani
716 4043 807 4099 libelli
829 4063 855 4099 v.
876 4044 923 4110 lV,
941 4043 967 4111 4,
987 4042 1037 4098 18:
1066 4042 1195 4108 ,credula
1219 4043 1302 4096 turba
1327 4039 1420 4096 sedet·

301 4119 398 4170 exorta
416 4115 536 4170 videtur.

390 4211 417 4277 2)
436 4212 535 4266 Paullo
554 4212 641 4268 etiam
660 4213 722 4282 plus
742 4229 826 4281 quam
838 4211 1040 4280 ⁴Irachmannus
1059 4210 1124 4264 huic
1143 4210 1232 4266 codici
1250 4209 1351 4266 tribuit
1368 4208 1423 4264 Lu·

300 4283 396 4336 cianus
416 4283 541 4349 Mueller,
561 4284 602 4338 ed.
623 4285 710 4353 prael.
729 4302 776 4354 pg.
796 4283 829 4338 X.
