3240 5006
595 445 813 514 -19-,—

138 623 254 684 tionem
277 619 533 693 reformidaverit,
566 618 702 695 profecta
734 636 796 678 esse
827 636 886 677 non
909 618 1018 693 potest,
1051 615 1108 676 nisi
1131 615 1211 677 forte
1232 616 1265 674 in

140 732 231 774 suum
256 709 351 786 ipsius
375 709 534 770 consilium
550 709 711 768 monachus
735 708 787 767 ille
810 705 956 783 peccavit.
1004 705 1084 777 Quin
1107 707 1209 766 autem
1232 705 1264 766 in

143 804 353 877 excerptorum
368 799 467 860 codice
485 799 648 874 archetypo
663 797 753 858 lectio
772 799 871 871 „un0“
895 795 1039 866 extiterit,
1065 798 1133 854 cum
1149 794 1264 854 codices

143 913 163 950 n
187 893 216 950 et
238 909 258 966 p
280 890 361 948 inter
392 907 423 948 se
454 890 631 966 congruant,
664 886 798 946 dubitari
826 885 941 961 nequit.
988 884 1097 961 Itaque
1128 903 1164 942 ex
1187 884 1265 943 libro

143 981 271 1058 integro,
296 996 356 1055 quo
380 980 535 1053 excerptor
558 995 632 1036 usus
664 979 719 1048 est,
751 995 816 1058 eam
840 975 871 1033 in
894 974 1075 1053 florilegium
1107 991 1179 1032 casu
1202 991 1265 1034 esse

144 1071 328 1145 assumptam
353 1067 567 1128 existimamus

231 1158 390 1217 Praeterea
417 1156 449 1216 in
478 1156 580 1215 eodem
611 1155 688 1214 libro
720 1171 824 1214 versus
856 1151 910 1223 IV,
947 1158 974 1226 l,
1009 1157 1050 1217 39
1075 1171 1140 1227 sqq.
1173 1169 1265 1226 prave

143 1249 232 1309 erant
255 1245 406 1316 collocati;
438 1263 493 1305 our
517 1245 595 1304 enim
619 1243 785 1318 excerptori
807 1241 1020 1317 transponendi
1048 1240 1173 1311 fuerint,
1206 1259 1265 1299 non

143 1335 342 1412 intellegitur,
373 1353 471 1410 neque
495 1335 532 1393 de
555 1333 756 1393 recentiorum
779 1331 970 1392 librariorum
989 1329 1159 1390 temeritate
1183 1329 1266 1407 cogi·

145 1429 212 1485 tare
244 1443 409 1500 possumus.
465 1423 595 1482 Videtur
626 1425 729 1481 autem
760 1421 813 1480 illa
843 1439 987 1481 versuum
1019 1419 1174 1496 dispositio
1197 1419 1266 1478 inde

147 1517 218 1574 nata
241 1533 303 1574 esse
326 1515 406 1589 quod
429 1513 528 1573 scriba
551 1511 621 1571 libri
646 1510 783 1582 alicuius,
817 1530 886 1571 cum
915 1509 1011 1570 oculis
1034 1529 1052 1566 a
1074 1508 1173 1584 priore
1196 1528 1266 1584 par·

146 1604 238 1664 ticula
265 1602 382 1678 ,Nam“
410 1605 451 1678 (v.
466 1601 521 1683 39)
546 1601 584 1660 ad
607 1599 802 1677 posteriorem
826 1597 869 1678 (v.
884 1600 939 1680 45)
965 1598 1174 1668 aberravisset,
1198 1599 1267 1674 post

145 1711 266 1753 versum
290 1698 329 1756 47
357 1710 391 1750 oa
426 1710 504 1768 quac
538 1689 796 1768 praetermiserat,
830 1687 1073 1764 transpositionis
1103 1687 1189 1765 signo
1212 1706 1265 1763 ap-

143 1783 241 1860 posito
264 1781 402 1855 inseruit,
427 1780 508 1857 quod
538 1780 657 1858 signum
686 1781 790 1854 postea
814 1799 831 1837 a
853 1777 984 1836 librariis
1014 1776 1185 1854 neglectum
1209 1777 1265 1840 est.

145 1871 291 1931 Versibus
314 1890 384 1930 vero
408 1871 451 1930 sic
480 1867 670 1944 transpositis
694 1867 888 1943 interpolatio
911 1885 1016 1926 versus
1041 1871 1093 1939 39,
1126 1865 1179 1942 qui
1202 1865 1266 1942 ipse

147 1960 268 2020 videtur
291 1962 451 2034 corruptus
473 1958 576 2032 fuisse,
612 1975 706 2033 paene
735 1957 816 2018 facta
847 1959 892 2016 est
914 1955 1089 2029 necessaria,
1127 1958 1165 2013 ut
1186 1954 1267 2014 haud

147 2049 259 2107 iniuria
281 2049 312 2106 in
335 2049 434 2109 codice
458 2069 493 2108 ex
517 2067 576 2124 quo
610 2050 750 2122 excerpta
781 2049 904 2122 sumpta
927 2046 1008 2116 sunt,
1041 2045 1097 2104 hoc
1120 2043 1268 2119 scriptum

145 2138 239 2198 fuisse
262 2136 437 2214 opinemur:
471 2137 534 2197 Nec
558 2135 718 2212 quisquam
747 2135 862 2195 maiora
885 2134 964 2213 gerit
987 2134 1130 2194 castrisue
1152 2132 1265 2193 forove.

236 2228 305 2286 Alia
337 2227 623 2302 interpolationum,
659 2243 735 2301 quas
768 2225 840 2284 libri
874 2224 956 2282 illius
991 2224 1104 2284 scribae
1134 2222 1268 2283 tribuere

145 2316 305 2392 possimuS,
336 2316 467 2393 vestigia
489 2335 548 2374 non
571 2314 729 2392 indagari3
766 2334 826 2390 qua
859 2314 895 2372 de
918 2331 1009 2374 causa
1031 2312 1163 2388 reliquas
1186 2311 1267 2371 flori-

145 2405 218 2482 legii
240 2405 382 2464 lectiones
407 2423 482 2480 quas
505 2407 542 2465 ab
567 2406 738 2479 excerptore
760 2421 819 2464 non
836 2421 898 2462 esse
920 2401 1115 2478 interpolatas
1138 2403 1267 2473 constat,

148 2496 270 2566 praeter
300 2493 409 2552 menda
438 2493 580 2552 nonnulla
603 2492 784 2567 scripturae,
818 2491 918 2568 qualia
947 2490 979 2549 in
1010 2490 1115 2550 ceteris
1147 2509 1267 2566 quoque

151 2581 304 2641 codicibus
318 2581 511 2657 reperiuntur
525 2581 665 2658 plurima,
689 2581 811 2640 maximi
826 2580 916 2657 pretii
933 2598 995 2640 esse
1018 2581 1105 2640 duco.
1152 2579 1265 2639 Tamen

149 2670 180 2728 in
205 2669 370 2729 Tibulliani
392 2670 485 2730 libelli
508 2671 577 2732 crisi
600 2670 765 2730 factitanda
798 2673 937 2746 excerpta
960 2669 1096 2728 Parisina
1119 2671 1208 2728 caute
1232 2689 1267 2729 ac

147 2759 272 2834 provide
304 2759 470 2820 adhibenda
506 2779 568 2820 esse
602 2764 742 2836 apparet;
777 2779 875 2836 neque
906 2759 1035 2818 editores
1067 2758 1141 2817 alias
1174 2777 1267 2834 quam

147 2867 223 2925 quas
246 2849 434 2926 integrorum
457 2849 593 2910 codicum
616 2849 773 2924 scripturis
806 2849 984 2909 antecellere
1006 2867 1092 2908 nemo
1115 2866 1176 2906 non
1199 2867 1267 2922 per-

146 2937 246 3013 spicit,
278 2937 419 2998 lectiones
448 2938 480 2996 in
510 2941 629 2998 textum
657 2940 845 3014 receperunt,
878 2941 1040 3015 antequam
1067 2936 1267 2997 Baehrensius

147 3027 230 3086 aliud
254 3027 351 3102 poesis
367 3047 437 3086 vere
452 3027 640 3086 Tibullianae
663 3027 850 3104 indagandae
873 3027 980 3087 attulit
996 3026 1174 3086 subsidium.
1209 3024 1267 3085 Sed

147 3116 184 3174 de
206 3117 263 3175 hac
285 3136 318 3176 re
340 3117 431 3176 tertio
455 3117 552 3192 capite
574 3116 805 3192 disputabimus.
851 3117 941 3176 Nunc
972 3115 1050 3192 quid
1068 3115 1105 3175 de
1127 3114 1266 3193 florilegii

149 3203 257 3264 Gallici
280 3223 349 3264 cum
363 3205 606 3284 Frisingensibus
629 3205 858 3284 fragmentoque
871 3205 1032 3265 Ouiacianc
1047 3204 1267 3265 necessitudine

149 3293 250 3371 colligi
272 3293 375 3369 possit,
399 3295 564 3354 videamus

237 3380 350 3442 Verum
366 3383 455 3458 pauci
470 3386 575 3444 extant
590 3403 695 3443 versus
708 3384 819 3460 quibus
842 3383 914 3443 haec
937 3383 1016 3442 inter
1039 3401 1070 3443 se
1094 3401 1267 3458 comparare

146 3471 244 3534 liceat.
291 3472 495 3551 Frisingensia
518 3473 639 3548 quidem
663 3475 802 3549 excerpta
824 3473 926 3532 decem
954 3474 1075 3531 tautum
1098 3474 1267 3548 suppetunt

146 3560 228 3634 locis,
251 3561 306 3621 ubi
329 3561 464 3621 Parisina
486 3581 545 3620 non
569 3562 711 3622 videntur
734 3562 916 3636 interpolata
948 3563 985 3621 ab
1010 3566 1180 3638 excerptore
1204 3564 1266 3638 (oo's

149 3648 227 3707 euim
250 3670 354 3710 versus
378 3669 453 3726 quos
476 3670 577 3711 omnes
599 3651 669 3711 libri
690 3651 853 3711 Tibulliani
876 3652 958 3710 recte
982 3650 1131 3722 exhibent,
1155 3651 1212 3711 hac
1235 3651 1267 3709 in

149 3739 322 3812 quaestione
335 3743 438 3800 nostro
453 3739 520 3800 iure
533 3740 831 3817 praetermittimus);'
858 3739 1019 3816 quinquies
1032 3742 1137 3800 contra
1154 3743 1267 3800 eeteros

148 3826 262 3888 codices
285 3829 364 3888 inter
387 3847 418 3888 se
441 3831 614 3906 congruunt
644 3829 791 3908 florilegia
815 3826 853 3909 (I,
882 3836 909 3900 l,
935 3834 964 3892 2.
991 3834 1020 3892 5.
1047 3833 1088 3892 34
1113 3827 1195 3909 [Par.
1220 3829 1265 3911 p.]

148 3921 199 3980 71.
223 3915 281 3991 III,
307 3923 337 3989 6,
361 3923 404 3982 44
429 3921 597 3994 [cavere]);
629 3918 675 3977 bis
704 3919 733 3976 in
767 3918 914 3994 excerptis
937 3917 1079 3976 Parisinis
1112 3937 1267 3979 unacum

146 4005 299 4065 codicibus
317 4009 421 4066 contra
436 4006 638 4086 Frisingensia
660 4011 817 4083 peccatum
842 4011 887 4067 est
910 4006 947 4086 (I,
974 4013 1002 4076 1,
1028 4012 1069 4071 25
1094 4027 1154 4082 quo
1177 4026 1267 4068 versu

147 4094 220 4168 quin
252 4095 283 4153 in
311 4095 412 4155 codice
442 4115 476 4155 eo
503 4097 582 4156 unde
614 4097 796 4175 florilegium
826 4095 977 4156 Gallicum
1008 4096 1179 4156 derivatum
1211 4100 1266 4172 est,

146 4182 234 4242 lectio
270 4188 429 4259 „possum“
463 4185 614 4260 ext'terit,
645 4205 732 4245 nemo
767 4185 935 4259 dubitabit,
970 4185 1001 4244 at
1023 4184 1048 4257 I,
1074 4191 1104 4257 3,
1130 4189 1189 4257 86,
1213 4187 1267 4246 ubi

147 4271 209 4330 sola
232 4273 435 4351 Frisingensia
469 4293 574 4334 verum
605 4277 749 4350 praebent
775 4272 916 4354 ,colu“);
947 4275 1038 4334 semel
1060 4274 1267 4335 Parisincrum

1070 4380 1107 4432 2*
