3240 5006
640 447 858 506 ..45-

408 624 542 698 bytanus
559 621 707 680 secundus
723 621 778 696 qui
792 620 921 679 Pontani
938 620 1014 679 solet
1037 619 1160 678 inventa
1183 619 1307 693 sequi“;

409 712 500 770 immo
533 729 603 770 vero
636 710 791 770 Pontanus
822 710 905 768 illius
935 709 1077 768 lectiones
1104 708 1233 784 optimas
1262 726 1308 768 se-

409 804 500 860 cutus
524 802 578 858 est.

277 897 307 964 4,
323 896 382 956 36:
406 891 459 950 ille
482 888 509 948 G
536 923 572 932 -
598 889 671 964 ipse,
696 892 751 948 cet.

277 985 306 1054 5,
321 985 381 1046 82:
408 982 457 1039 eat
480 977 507 1038 G
533 1013 566 1022 -
597 979 664 1049 erit,
690 981 746 1038 cet.

277 1075 306 1140 6,
321 1075 381 1133 45:
405 1071 492 1128 necat
514 1065 541 1126 G
570 1102 602 1110 —
630 1069 725 1141 vetat,
749 1070 806 1128 cet.

193 1186 251 1257 ΙΙΙ,
278 1191 308 1259 4,
324 1190 382 1249 64:
407 1202 494 1259 prece
518 1183 544 1242 G
569 1219 608 1229 -
634 1183 701 1257 fide,
726 1185 781 1243 cet.
807 1181 874 1258 (cfr.
899 1181 956 1252 III,
983 1186 1012 1252 6,
1038 1181 1092 1255 46)

277 1279 306 1346 6,
344 1279 381 1338 2:
406 1291 492 1351 geras
517 1271 544 1331 G
568 1307 608 1316 -—
633 1273 720 1342 feras,
747 1275 803 1331 cet.

198 1381 250 1456 IV,
277 1387 304 1451 1,
345 1386 380 1442 l:
405 1383 459 1438 tua
483 1379 545 1456 (vel
568 1382 627 1455 me)
653 1377 679 1437 G
704 1413 741 1421 -
768 1397 844 1447 mea,
870 1379 927 1437 cet.

276 1476 306 1543 8,
344 1474 380 1532 8:
406 1467 553 1538 Quoniam
577 1467 604 1525 G
627 1502 667 1513 -
692 1467 844 1541 Quamvis,
868 1469 924 1528 cet.

186 1630 297 1688 Tamen
320 1629 375 1688 hee
399 1628 540 1687 lectiones
564 1627 702 1704 quamvis
726 1628 910 1703 praeclarae,
935 1627 1061 1687 fortasse
1084 1647 1192 1703 parum
1216 1647 1307 1704 grave

186 1720 400 1796 argumentum
434 1717 529 1776 videri
561 1720 705 1792 possunt,
738 1736 792 1776 cur
819 1717 949 1777 codicem
980 1715 1154 1776 Galterius
1177 1717 1307 1776 familiae

187 1827 250 1868 esse
273 1810 454 1870 statuamus.
483 1805 553 1888 'Sed
569 1807 664 1881 quid?
689 1806 713 1864 si
738 1809 876 1881 excerpta
892 1806 993 1881 aliqua
1016 1826 1034 1863 a
1056 1806 1150 1882 stirpe
1171 1806 1307 1866 codicum

189 1898 358 1955 nostrorum
375 1896 493 1955 diversa
509 1915 576 1954 cum
600 1895 652 1955 1110
677 1894 825 1954 affinitate
849 1895 1008 1954 coniuncta
1032 1914 1095 1955 esse
1118 1896 1305 1970 evicerimus,

191 1986 365 2044 concedetur
394 1984 545 2060 profecto,
578 1984 652 2043 duas
684 1984 769 2044 nobis
801 1984 831 2041 in
860 1983 974 2042 Tibulli
1004 1985 1186 2044 carminibus
1216 1985 1305 2044 resti-

191 2074 309 2132 tuendis
332 2075 466 2133 codicum
489 2073 619 2132 familias
642 2092 704 2132 esse
724 2076 853 2149 praest0,
879 2074 1004 2134 alteram
1026 2074 1062 2142 Y,
1089 2076 1213 2134 alteram
1236 2073 1305 2133 libri

191 2162 424 2240 Guelferbytani.
465 2163 612 2238 Excerpta
629 2166 730 2222 autem
745 2163 798 2222 illa
822 2166 940 2223 exstant
963 2163 994 2221 in
1017 2164 1163 2241 florilegio
1187 2164 1305 2241 gallico,

187 2253 306 2329 dequo
330 2273 421 2329 supra
455 2256 531 2330 (cap.
556 2251 581 2322 Ι,
607 2257 623 2326 ξ
650 2260 667 2316 3
694 2258 723 2311 81
747 2251 780 2334 4)
812 2252 951 2328 pluribus
984 2247 1224 2329 disputavimus,
1255 2252 1306 2311 sed

186 2361 246 2418 quc
263 2343 448 2420 cognationis
464 2343 562 2420 gradu
577 2341 756 2401 recentiores
781 2341 894 2401 codices
917 2345 1033 2401 nostros
1057 2344 1223 2422 contingat,
1247 2361 1306 2401 non

187 2431 342 2504 potuimus
365 2431 540 2506 perspicere.

280 2543 376 2614 Quam
407 2549 469 2605 arte
493 2565 564 2606 vero
589 2565 606 2604 a
630 2545 806 2622 cognatione
838 2547 976 2620 excerpta
999 2546 1134 2604 Parisino
1163 2548 1193 2605 et
1216 2546 1306 2607 codex

191 2631 216 2691 G
239 2633 318 2692 inter
341 2653 371 2693 se
394 2636 578 2704 cohaereant,
603 2634 800 2694 Baehrensius
823 2636 936 2712 proleg.
961 2656 1012 2712 pg.
1024 2635 1096 2693 XIV
1120 2636 1305 2694 demonstra·

189 2722 244 2796 vit,
270 2742 330 2798 quo
353 2725 416 2782 loco
439 2724 551 2784 Italum
576 2724 723 2799 quendam
747 2725 885 2802 florilegii
908 2726 1037 2784 codicem
1056 2729 1181 2784 nactum
1196 2745 1305 2784 novam

186 2812 263 2872 hanc
288 2811 518 2890 Guelferbytani
541 2813 739 2872 recensionem
762 2813 921 2873 instituere
951 2833 1011 2873 non
1035 2815 1168 2890 potuisse
1191 2815 1305 2890 primae

187 2902 299 2979 elegiae
329 2903 509 2964 lectionibus
541 2902 640 2962 evicit.
688 2901 803 2972 Quibus
830 2904 1001 2978 ponderatis
1033 2905 1087 2964 hoc
1118 2904 1220 2979 posuit
1243 2904 1304 2975 ille,

185 2991 360 3067 ubicunque
396 2995 534 3067 excerpta
571 2991 807 3051 destituerentur
839 2991 1069 3068 Guelferbytani
1105 2993 1304 3063 consensione,

186 3079 433 3152 interpolationes
464 3080 523 3138 iam
554 3081 748 3155 deprehendi,
782 3081 954 3157 ubicunque
978 3086 1078 3141 autem
1104 3082 1305 3141 consentirent

189 3165 252 3237 illa,
276 3166 525 3239 praeclarissimas
548 3169 609 3228 fere
633 3170 774 3230 lectiones
797 3171 834 3228 ab
859 3171 899 3229 eis
923 3171 1012 3230 tradi.
1052 3171 1133 3231 Haec
1156 3171 1304 3230 sententia

188 3271 262 3310 num
285 3255 376 3313 etiam
401 3261 566 3316 ceterorum
589 3261 754 3318 carminum
778 3259 955 3318 lectionibus
979 3262 1124 3335 probetur
1139 3261 1302 3319 videamus.

185 3343 289 3418 Atque
312 3344 442 3418 primum
468 3345 585 3421 quidem
611 3367 659 3406 eas
681 3348 821 3408 lectiones
838 3350 1063 3424 perlustremus,
1088 3350 1198 3426 quibus
1222 3349 1303 3407 flori-

184 3430 298 3508 legium
328 3434 472 3510 gallicum
505 3439 603 3512 quoad
637 3438 700 3496 eius
734 3438 899 3513 scripturas
932 3457 1087 3517 germanas
1119 3459 1153 3498 ex
1186 3439 1303 3498 duobus

184 3518 268 3579 libris
292 3522 434 3582 Parisinis
466 3525 606 3603 colligere
636 3545 812 3600 possumne,
848 3547 916 3586 cum
946 3529 1044 3587 codice
1068 3526 1302 3603 Guelferbytano

186 3611 341 3670 consentit.
388 3612 467 3672 Sunt
491 3618 593 3674 autem
617 3615 689 3674 hae:
838 3609 841 3616 ¹

540 3800 576 3860 G.
601 3802 668 3858 Par.
993 3803 1020 3860 Y

421 3915 446 3987 Ι,
472 3922 503 3988 4,
528 3922 587 3981 29:
613 3917 748 3993 deperdit
891 3921 922 3979 te
943 3920 1042 3995 perdit

472 4010 501 4078 9,
550 4011 586 4070 9;
610 4006 759 4080 petituras
893 4009 1042 4084 petituros

380 4133 381 4138 κ
450 4093 706 4166 10‚39:Quam
893 4095 972 4166 Quin

450 4187 499 4254 10,
525 4188 584 4247 49:
609 4183 712 4244 bidens
892 4187 991 4246 nitens

333 4286 497 4345 vomerque
520 4272 624 4350 vigent
649 4273 740 4349 (nitet
762 4275 833 4351 Par)
891 4295 993 4336 vomer
1017 4275 1126 4335 viderit
