3240 5006
822 463 1020 529 μς...

361 636 566 718 quaestionem
597 641 801 717 temptandam
826 642 977 702 Conradus
999 643 1167 704 Bursianus
1199 647 1375 721 praeceptor
1397 664 1481 707 meus

360 730 463 790 sedulo
487 729 561 788 mihi
584 732 812 792 commendavit.

448 908 657 968 Lachmannus
680 909 777 987 igitur
805 930 873 970 cum
896 930 922 968 a.
952 916 1035 976 1829
1060 915 1175 988 prinus
1199 895 1311 973 Tibulli
1343 914 1480 974 libellum

360 999 440 1057 insto
458 1001 606 1075 apparatu
622 998 726 1057 critico
744 999 928 1059 instructum
952 1000 1062 1072 ederet,
1087 1023 1122 1062 ex
1145 1004 1242 1062 multo
1265 1003 1377 1062 maiore
1401 1006 1481 1079 quod

360 1088 387 1147 ei
410 1091 530 1164 praesto
554 1091 628 1161 erat,
652 1087 853 1148 instrumento
877 1089 991 1148 codices
1008 1092 1118 1149 saeculi
1134 1093 1190 1149 XV
1214 1093 1322 1170 selegit
1345 1094 1480 1168 quinque

360 1177 414 1252 qui
429 1177 487 1252 ipsi
503 1177 646 1236 fidissima
657 1181 763 1252 poetae
780 1178 952 1237 emendandi
969 1179 1117 1254 praesidia
1132 1181 1323 1242 videbantur.
1347 1181 1479 1252 Quorum

359 1266 475 1342 primus
507 1285 597 1343 quem
625 1268 662 1324 ut
693 1267 826 1325 omnium
858 1268 1006 1342 optimum
1036 1267 1139 1327 littera
1163 1268 1190 1325 A
1214 1272 1342 1345 notavit,
1367 1271 1480 1330 Ebora·

360 1357 454 1414 oensis
478 1376 505 1413 a.
534 1360 617 1418 1425
643 1358 793 1425 exaratus,
819 1377 836 1414 a
859 1356 982 1414 Nicolao
1006 1356 1130 1415 Heinsio
1158 1360 1195 1415 ut
1218 1359 1283 1416 viro
1307 1361 1393 1420 docto
1418 1380 1481 1420 sae-

358 1444 420 1503 culi
442 1443 531 1502 XVII
562 1463 622 1502 non
652 1443 697 1502 ita
729 1443 890 1520 diligenter
921 1447 986 1502 erat
1017 1463 1167 1504 excussus.
1214 1444 1302 1504 Alter
1325 1447 1480 1508 Parisinus

359 1533 461 1610 regius
478 1538 511 1589 n⁰
529 1537 614 1596 7909
637 1533 810 1591 chartaceus
827 1533 896 1590 anni
916 1538 1010 1604 1423,
1036 1553 1124 1609 quem
1149 1533 1252 1592 littera
1275 1533 1299 1590 B
1323 1535 1481 1612 insignivit

358 1622 578 1694 Lachmannus‚
604 1619 819 1681 Eborecensem
842 1641 934 1698 prope
958 1642 1088 1705 aequare
1111 1623 1193 1681 visus
1217 1625 1263 1682 est
1288 1624 1478 1684 auctoritate.

359 1711 480 1786 Reliqui
504 1713 582 1781 tres,
607 1709 775 1769 Wittianus
799 1713 1061 1786 membranaceus,
1087 1732 1104 1769 a
1126 1711 1316 1772 Lachmanno
1339 1712 1442 1772 littera
1466 1732 1481 1771 5

358 1803 491 1871 notatus,
516 1799 663 1858 Datianus
679 1800 697 1857 d
714 1802 744 1859 et
759 1799 957 1860 Ashewianus
974 1823 989 1861 e
1005 1806 1135 1877 uterque
1152 1803 1326 1861 chartaceus
1342 1805 1480 1876 aspectu·
1584 1807 1586 1810 ’

359 1909 418 1964 qne
434 1889 537 1948 foedus
554 1889 649 1948 altera
665 1889 787 1948 demum
802 1891 913 1949 saeculi
928 1891 985 1948 XV
1001 1894 1089 1967 parte
1112 1891 1216 1967 'scripti
1239 1894 1326 1950 sunt:
1351 1909 1481 1967 quorum

358 1978 514 2037 consensui
537 1997 605 2036 cum
629 1997 767 2055 magnam
790 1979 1000 2039 Lachmannus
1023 1982 1172 2039 tribueret
1197 1980 1425 2051 auctoritatem,
1449 1981 1481 2038 in

358 2067 485 2144 singulis
515 2070 616 2125 tamen
646 2067 722 2125 nihil
753 2067 822 2126 fidei
853 2069 948 2127 inesse
980 2070 1098 2128 statuit.
1146 2069 1269 2128 Praeter
1292 2070 1346 2128 hos
1369 2070 1482 2128 codices

358 2157 501 2229 integros,
526 2156 575 2214 sed
600 2156 775 2214 recentioris
800 2157 908 2215 aetatis
932 2157 990 2216 alia
1014 2176 1134 2234 quoque
1158 2157 1331 2232 antiquiora
1354 2159 1398 2215 rei
1423 2159 1480 2216 cri-

358 2247 435 2304 ticae
452 2245 587 2303 subsidia
603 2244 751 2316 adhibuit,
769 2265 849 2321 quae
865 2247 902 2304 51
915 2247 1049 2323 singulas
1065 2249 1187 2304 tantum
1203 2245 1298 2305 libelli
1316 2245 1480 2303 Tibulliani

358 2337 458 2409 partes
487 2337 632 2408 spectant.
680 2334 716 2392 In
748 2335 859 2409 quibus
887 2336 1016 2394 maxime
1039 2336 1138 2394 elucet
1169 2336 1374 2413 fragmentum
1403 2334 1482 2391 illud

358 2425 569 2499 pervetustum
585 2427 675 2499 atque
691 2427 728 2483 ut
744 2425 866 2483 videtur
881 2425 1165 2498 emendatissimum,
1183 2424 1262 2498 quod
1274 2423 1336 2482 Jos.
1351 2421 1483 2499 Scaliger

358 2513 421 2572 Jae.
447 2512 567 2572 Guiacio
591 2517 747 2589 acceptum
770 2515 915 2573 debebat:
948 2515 1021 2574 haec
1043 2516 1216 2573 membrana
1238 2513 1351 2588 optima
1374 2511 1442 2570 iude
1466 2531 1483 2569 5

358 2602 506 2680 Lygdami
540 2602 652 2680 elegiae
675 2602 719 2660 IV
750 2622 839 2661 versu
864 2608 904 2666 65
935 2603 1080 2679 incipiens
1111 2604 1171 2662 duo
1203 2603 1323 2678 quoque
1346 2601 1481 2676 Priapea,

359 2693 482 2768 quaein
499 2692 605 2750 ceteris
629 2691 780 2750 codicibus
803 2710 862 2749 non
886 2695 999 2762 extant,
1025 2692 1177 2766 complexa
1200 2709 1262 2750 esse
1285 2691 1426 2749 traditur.
1443 2724 1478 2732 -

359 2781 519 2841 Praeterea
541 2780 750 2839 Lachmannus
774 2781 811 2837 ad
834 2779 948 2838 Tibulli
972 2798 1076 2838 versus
1111 2779 1307 2838 emendandos
1339 2796 1413 2836 usus
1438 2781 1483 2836 est

359 2870 505 2945 excerptis
529 2889 607 2945 quae
623 2868 800 2927 Vincentius
813 2867 1030 2927 Bellovacensis
1055 2867 1134 2927 circa
1156 2887 1181 2924 a.
1202 2871 1285 2929 1250
1309 2866 1340 2924 in
1361 2867 1482 2941 speculo

359 2979 413 3019 suo
445 2959 604 3018 doctrinali
637 2958 749 3033 passim
780 2957 904 3030 attulit,
935 2957 1076 3032 idemque
1106 2956 1203 3016 uarias
1234 2954 1376 3014 lectiones
1407 2973 1482 3028 quas

360 3049 494 3125 Scaliger
517 3067 553 3106 ex
586 3048 760 3124 eclogarum
783 3046 881 3106 codice
913 3045 1042 3121 quodam
1066 3048 1167 3104 vetere
1190 3043 1319 3120 margini
1343 3042 1482 3102 editionis

359 3137 567 3196 Plautinianae
591 3157 617 3197 a.
646 3141 729 3200 1569
755 3136 877 3194 emissae
902 3135 1089 3211 ascripserat,
1116 3153 1150 3192 ex
1173 3133 1268 3208 ipsius
1291 3131 1349 3190 viri
1372 3131 1481 3190 doetis-

360 3227 427 3286 simi
462 3225 711 3303 castigationibus
749 3228 779 3284 et
814 3224 930 3284 Heinsii
962 3223 1206 3282 adnotationibus
1236 3222 1267 3280 in
1304 3223 1481 3296 apparatum

361 3317 498 3376 criticum
530 3315 701 3389 assumpsit.
737 3347 777 3358 -
809 3313 963 3372 Postremo
999 3313 1089 3373 etiarn
1120 3331 1168 3372 eas
1201 3329 1276 3387 quas
1308 3310 1483 3368 Franciscus

361 3405 491 3464 Puccius
508 3424 533 3463 a.
554 3409 638 3467 1502
657 3402 819 3478 exemplari
835 3401 974 3461 editionis
985 3401 1141 3480 Regiensis
1156 3401 1306 3461 adiecerat
1321 3399 1483 3458 lectionum

361 3495 521 3555 varietates
546 3493 707 3571 diligenter
740 3491 915 3565 adnotavit,
951 3511 1020 3551 cum
1050 3491 1225 3568 intellegere
1248 3488 1307 3548 sibi
1329 3489 1484 3547 videretur

360 3585 462 3643 virum
484 3583 572 3641 illum
596 3583 719 3641 doctum
742 3580 913 3656 antiquiore
937 3600 1028 3655 quam
1059 3580 1155 3638 nostri
1178 3579 1248 3637 libri
1271 3579 1360 3652 sunt,
1385 3577 1484 3636 codiee

362 3672 533 3731 Tibulliano
556 3689 645 3730 usum
670 3689 742 3731 esse.

451 3761 524 3820 Post
547 3760 771 3820 Lachmannum
796 3762 1001 3820 autem-nova
1016 3757 1130 3816 Tibulli
1154 3755 1327 3815 emendandi
1351 3754 1484 3814 subsidia

362 3851 444 3911 nacti
474 3869 597 3921 sumus,
630 3850 762 3925 primunr
796 3850 935 3925 excerpta
958 3847 1196 3924 Frisingensial)
1228 3846 1259 3904 in
1284 3845 1382 3904 codice
1405 3862 1484 3902 nune

364 3939 530 4000 Monacensi
547 3945 579 3997 n⁰
594 3943 679 4003 6292
705 3939 846 4010 extantia,
872 3936 983 3998 saeculi
999 3936 1052 4007 XI,
1076 3955 1258 4012 quamquam
1274 3935 1348 3994 satis
1365 3934 1482 4010 exigua,

455 4168 481 4238 1)
499 4168 690 4238 Frisingensia
707 4171 838 4238 excerpta
851 4166 957 4222 Tibulli
974 4168 1081 4238 primus
1100 4166 1130 4220 in
1148 4153 1239 4220 luceiu
1258 4164 1347 4219 edidit
1365 4166 1394 4218 et
1412 4165 1483 4216 trac-

364 4243 438 4299 tavit
456 4242 594 4296 Lucianus
613 4240 764 4294 Muellerus
782 4241 812 4293 in
831 4239 1004 4295 Fleckeiseni
1023 4239 1115 4292 annal.
1134 4238 1188 4292 vol.
1203 4237 1245 4301 99,
1264 4254 1311 4305 pg.
1322 4234 1435 4300 63-17,
1456 4237 1484 4287 51

364 4317 394 4370 in
413 4314 544 4370 editionis
563 4329 630 4366 suae
649 4311 826 4366 Tibullianae
844 4312 932 4381 praef.
951 4329 999 4380 pg.
1019 4310 1086 4363 VIII
1104 4328 1164 4377 sqq.
