3240 5006
799 292 1018 353 ..64-

827 465 853 540 Ι,
878 471 909 536 4,
935 469 987 529 44.

434 579 564 638 Versum
587 580 612 653 I,
638 585 668 650 4,
693 585 746 650 44,
771 600 861 657 quem
884 599 976 657 supra
999 602 1050 659 pg.
1071 587 1111 646 32
1136 583 1234 642 obiter
1255 585 1470 656 tractavimus,

345 669 458 744 optime
477 669 614 729 restituit
629 670 812 730 Bitschelius
828 671 860 728 in
876 672 952 730 actis
974 672 1077 731 societ.
1094 672 1188 731 litter.
1205 691 1306 738 saxon.
1326 693 1353 732 a.
1376 680 1469 746 1866,

345 779 396 835 pg.
422 761 482 822 69:

509 866 673 940 „Quamvis
695 872 872 943 praetexens
895 867 979 943 picea
1002 867 1156 945 ferrugine
1180 870 1297 928 caelum

506 957 674 1016 Venturam
697 958 841 1016 admittat
863 950 1004 1015 nimbiier
1027 955 1128 1015 Eurus
1152 963 1282 1034 aquam“

345 1109 475 1166 eumque
490 1089 642 1149 Lucienus
659 1090 787 1149 Mueller
801 1091 833 1148 in
849 1090 978 1149 editione
994 1089 1108 1148 Tibulli
1131 1094 1253 1150 secutus
1277 1096 1332 1151 ast.
1369 1091 1460 1152 Aliam

345 1182 437 1255 amus
460 1199 526 1239 eam
548 1180 650 1254 paullo
672 1180 861 1240 audaciorem
876 1179 1079 1238 coniecturam
1095 1181 1253 1255 proposuit
1268 1180 1464 1241 Baehrensius
1583 1234 1584 1246 ,

343 1269 374 1326 in
406 1269 508 1328 libello
538 1288 564 1326 a.
602 1274 685 1332 1876
715 1269 809 1329 Jenae
848 1269 968 1337 emisso,
1004 1269 1053 1326 oui
1092 1269 1254 1328 inoribitur
1285 1270 1469 1331 Tibullisohe
1584 1318 1585 1350 ,

343 1359 466 1430 blatta,
490 1379 520 1434 p.
539 1363 579 1421 87
605 1376 670 1433 sq.:

530 1473 718 1546 „Venturam
741 1473 854 1532 indicat
877 1473 999 1531 nubifer
1022 1476 1107 1531 ortus
1130 1478 1275 1548 aquam“‚

344 1608 436 1665 quam
459 1589 663 1648 coniecturam
686 1588 763 1646 nulli
787 1608 855 1647 eum
879 1588 1080 1662 probaturum
1101 1607 1163 1647 esse
1183 1591 1269 1663 puto,
1293 1591 1472 1664 praesertim

344 1697 412 1737 oum
427 1678 513 1736 illam
529 1698 546 1736 a
562 1677 726 1737 Ritsehelio
750 1677 935 1752 propositam
957 1677 1048 1734 nullis
1070 1677 1240 1736 rationibus
1262 1680 1401 1753 potuerit
1424 1701 1472 1740 re·

343 1767 457 1826 fellere.
505 1765 590 1836 Quod
615 1767 692 1826 euim
716 1773 817 1826 censet
841 1768 968 1825 verbum
991 1766 1169 1825 admittendi
1193 1768 1230 1825 ad
1254 1772 1395 1827 ruentem
1424 1789 1472 1828 so·

344 1856 407 1914 lum
438 1856 566 1915 imbrem
598 1856 763 1932 quadrare,
796 1856 827 1914 id
856 1855 976 1932 quidem
999 1858 1079 1915 reete
1112 1855 1179 1930 (cfr.
1204 1854 1292 1915 Ovid.
1318 1861 1392 1917 met.
1416 1857 1471 1931 XI,

345 1950 409 2008 256
434 1948 464 2004 et
489 1951 564 2016 512,
596 1965 653 2004 am.
678 1943 736 2014 ΙΠ,
767 1949 796 2014 6,
830 1949 871 2007 86
896 1943 974 2013 etl,
1008 1949 1038 2010 8,
1072 1946 1142 2018 50);
1178 1944 1233 2003 hoo
1256 1965 1328 2005 varo
1352 1946 1473 2005 fallitur

344 2035 392 2092 vir
414 2035 538 2104 doetus,
567 2034 646 2109 quod
675 2037 853 2106 „venturam
879 2052 990 2108 aquam
1013 2033 1152 2090 admitti“
1179 2033 1237 2093 diei
1260 2053 1347 2110 posse
1370 2039 1472 2113 negat.

344 2122 423 2192 Quin
446 2141 516 2180 vere
540 2122 682 2198 graphiae
705 2122 881 2196 poeticaque
903 2121 1019 2180 dictum
1042 2120 1097 2179 hoo
1112 2122 1248 2194 videtur3
1272 2124 1346 2200 quid
1371 2126 1472 2183 enim?

343 2211 433 2288 fingit
456 2213 546 2285 poeta
569 2210 695 2269 imbrem
719 2213 856 2270 coortum
880 2210 917 2268 ad
941 2214 1061 2285 tempus
1084 2211 1206 2286 quidem
1230 2213 1336 2289 procul
1357 2216 1468 2284 abesse,

344 2300 395 2358 sed
420 2300 564 2358 iamiam
588 2301 679 2359 vento
702 2298 875 2370 admissum,
899 2299 930 2358 id
954 2303 999 2358 est
1022 2300 1184 2358 inuitatum
1206 2302 1381 2364 adventare.

827 2476 852 2546 Ι,
879 2481 909 2550 6,
938 2477 987 2540 l6.

436 2600 562 2659 Versum
577 2601 601 2671 I,
625 2606 655 2674 6,
684 2607 722 2665 16
739 2600 937 2660 Baehreusius
959 2621 1010 2677 pg.
1026 2606 1065 2665 76
1091 2620 1134 2675 sq.
1152 2601 1196 2659 ita
1219 2600 1342 2660 restitui
1362 2601 1467 2664 iussit:

348 2690 409 2764 „Te
429 2709 550 2766 quoque
570 2693 698 2761 servato,
723 2693 826 2765 peccet
849 2709 874 2748 e.
888 2711 917 2764 q.
935 2708 979 2764 sq.
996 2691 1024 2749 d.
1039 2689 1058 2746 i.
1076 2690 1160 2748 nicht
1183 2691 1272 2749 alleiu
1296 2691 1366 2749 dein
1382 2692 1463 2761 weib,

345 2779 471 2837 sondern
495 2779 572 2837 auch
594 2779 663 2838 dish
686 2779 779 2837 selbst
802 2778 941 2836 bewache
964 2779 1026 2836 und
1048 2778 1169 2852 behiite,
1193 2779 1289 2838 demit
1305 2780 1387 2840 nicht
1401 2780 1462 2836 ihre

344 2868 407 2925 und
430 2867 511 2924 ihrer
534 2866 687 2926 liehhaber
710 2867 800 2926 listen
823 2867 891 2926 dieh
915 2865 1143 2944 hintergeheu.“
1191 2867 1288 2937 Quam
1316 2868 1454 2927 coniectu·

284 2977 288 2984 ’
344 2976 410 3014 ram
434 2956 518 3014 addit
540 2975 600 3014 non
622 2957 709 3014 modo
732 2975 791 3014 non
814 2955 928 3026 refelli,
960 2955 1011 3014 sed
1044 2956 1134 3014 etiam
1163 2956 1277 3016 murari
1301 2973 1383 3016 uersu
1403 2952 1451 3010 illo

345 3043 492 3104 Ouidiano
515 3046 595 3104 trist.
618 3044 660 3116 ΙΙ,
685 3051 749 3109 457
774 3063 838 3120 sq.:

505 3175 642 3251 Denique
666 3178 704 3235 ab
727 3177 850 3236 incauto
872 3176 999 3235 nimium
1022 3177 1099 3251 petit
1122 3177 1173 3236 ille
1196 3180 1313 3248 marite,

558 3264 597 3325 Se
619 3284 741 3341 quoque
763 3265 812 3324 uti
835 3269 944 3336 servet,
968 3269 1070 3340 peceat
1093 3270 1129 3325 ut
1152 3267 1204 3324 illa
1225 3268 1333 3325 minus.

434 3397 572 3474 Namque
609 3398 635 3457 si
677 3397 754 3456 illud
789 3401 860 3472 „se“
896 3397 934 3455 ad
968 3398 1123 3457 Tibullum
1157 3398 1335 3475 pertineret,
1372 3399 1471 3456 verba

347 3487 494 3560 „nimium
516 3489 612 3562 petit“
638 3505 762 3563 prorsus
785 3505 844 3544 non
867 3505 953 3561 posse
975 3487 1131 3565 intellegi3
1166 3490 1211 3547 siu
1242 3487 1344 3546 autem
1373 3485 1473 3544 mari-

344 3579 411 3634 tum
435 3576 583 3652 designari
606 3579 767 3652 putemus,
797 3575 906 3634 habere
929 3595 982 3634 nos
1005 3576 1219 3650 lepidissimam
1241 3575 1331 3634 stulti
1355 3576 1476 3634 securi-

345 3684 404 3740 que
426 3664 556 3724 homiuis
583 3665 829 3724 ludificationem.
876 3662 919 3722 At
949 3665 1020 3724 talis
1050 3665 1215 3725 ludificatio
1248 3664 1287 3721 ab
1318 3663 1373 3722 illo
1406 3665 1477 3725 loco

345 3754 435 3828 plano
459 3754 555 3812 aliena
581 3754 656 3812 mihi
679 3754 811 3812 videtur.
859 3751 938 3811 Nam
968 3753 1042 3828 quid
1069 3755 1161 3812 vellet
1191 3752 1248 3812 sibi
1280 3751 1313 3808 iu
1346 3753 1479 3813 lascivia

344 3842 455 3901 Tibulli
482 3844 645 3902 enarranda
667 3843 760 3900 illud:
786 3841 923 3916 Denique
947 3863 964 3900 a
986 3842 1096 3900 marito
1119 3844 1205 3917 petit,
1229 3841 1265 3897 ut
1288 3840 1355 3915 ipse
1370 3848 1481 3904 servet

344 3951 382 3989 ne
405 3932 507 4006 puella
530 3933 604 4008 quid
626 3950 749 4007 peecare
772 3931 888 4005 possit?
934 3929 1151 4005 Iuopportuna,
1184 3934 1221 3990 ut
1244 3928 1361 4004 opinor,
1395 3937 1482 3993 esset

344 4021 540 4094 parenthesis.
588 4020 646 4080 Sed
676 4021 731 4079 hoc
763 4019 876 4094 optime
906 4018 938 4076 in
968 4022 1064 4078 totam
1094 4020 1151 4080 loci
1174 4018 1316 4078 Ouidiani
1347 4024 1480 4081 senten-

344 4109 419 4168 tiam
443 4111 582 4186 quadrat,
607 4109 687 4186 quod
699 4108 840 4168 Tibullus
863 4107 927 4182 ipse
949 4126 1012 4167 sese
1036 4111 1214 4168 servandum
1238 4125 1311 4178 esse,
1334 4126 1369 4168 se
1395 4130 1481 4185 quo·
